2002 3614
296 179 464 228 AENEIDOS
481 178 543 228 LIB.
561 181 587 226 V

75 309 133 368 solve
144 324 231 369 metus
240 335 250 381 3
272 325 300 367 et
315 325 346 367 tu
362 308 506 367 Troianos
521 329 595 366 exue
609 309 739 368 caestus!

75 390 126 448 haec
138 391 206 449 fatus
221 390 369 468 duplicem
385 410 420 447 ex
436 389 541 446 umeris
556 389 657 448 reiecit
671 389 820 459 amictum,

74 485 95 526 et
105 491 205 546 magnos
220 472 417 529 membrorum
432 486 519 541 artus,
534 490 636 546 magna
651 491 712 528 ossa
726 471 907 548 lacertosque

75 551 237 630 exultatque
251 551 352 626 ingens
367 551 461 609 media
476 550 608 609 consistit
621 552 738 608 harena.

74 644 119 689 tun
131 649 198 690 satus
212 632 341 690 Anchisa
356 647 466 689 caestus
481 647 562 708 pater
576 631 683 689 extulit
698 651 812 708 aequos,

74 727 94 767 et
104 714 202 788 paribus
216 714 325 790 palmas
341 713 489 770 amborum
504 711 639 769 innexuit
654 711 747 770 armis.

73 793 177 851 constitit
190 793 220 851 in
236 792 340 868 digitos
355 794 503 870 extemplo
518 809 643 850 arrectus
659 809 790 870 uterque,

74 871 235 952 bracchiaque
251 874 287 931 ad
301 893 414 950 superas
430 873 579 931 interritus
595 873 700 931 extulit
715 894 805 932 auras.

74 952 189 1012 abduxere
204 971 280 1012 retro
296 955 380 1029 longe
395 954 490 1030 capita
506 955 593 1011 ardua
608 955 644 1012 ab
658 953 729 1024 ictu,

73 1031 258 1113 inmiscentque
274 1055 375 1091 manus
390 1035 531 1106 manibus,
546 1054 730 1112 pugnamque
745 1035 889 1091 lacessunt
898 1059 907 1104 ;

73 1112 109 1170 ille
120 1116 217 1190 pedum
231 1114 336 1172 melior
349 1131 429 1172 motu
445 1116 592 1192 fretusque
607 1114 734 1186 iuventa,
870 1145 909 1182 430

73 1192 107 1250 hic
118 1196 243 1254 membris
258 1211 288 1253 et
302 1196 378 1253 mole
395 1197 512 1254 valens:
535 1196 584 1253 sed
600 1196 678 1253 tarda
694 1195 828 1253 trementi

73 1292 141 1346 genua
154 1277 259 1348 labant,
274 1291 367 1333 vastos
383 1276 476 1354 quatit
491 1297 573 1351 aeger
587 1276 731 1335 anhelitus
747 1292 833 1333 artus.

73 1355 140 1413 multa
152 1357 202 1414 viri
219 1357 396 1435 nequiquam
412 1356 489 1415 inter
504 1377 533 1414 se
547 1358 668 1414 vulnera
683 1356 801 1426 iactant,

73 1436 140 1493 multa
152 1458 219 1495 cavo
234 1436 316 1495 lateri
331 1437 521 1512 ingeminant,
537 1453 567 1495 et
581 1453 698 1514 pectore
711 1452 803 1495 vastos

73 1512 124 1573 daut
134 1517 259 1587 sonitus;
281 1533 413 1595 erratque
428 1539 509 1576 aures
525 1534 554 1576 et
568 1534 696 1594 tempora
711 1516 821 1575 circum

74 1596 147 1655 crebra
159 1619 270 1669 manus,
285 1598 358 1655 duro
373 1597 518 1674 crepitant
533 1599 585 1656 sub
600 1600 720 1656 vulnere
734 1598 837 1656 malae.

75 1688 112 1731 stat
123 1679 205 1752 gravis
219 1679 353 1736 Entellus
369 1678 492 1755 nisuque
507 1677 635 1736 inmotus
651 1678 762 1750 eodem,

75 1773 163 1833 torpore
178 1761 235 1817 tela
250 1759 337 1816 modo
352 1775 437 1836 atque
453 1759 545 1816 oculis
560 1759 745 1834 vigilantibus
761 1759 829 1817 exit.

76 1831 118 1905 ille,
128 1840 201 1897 velut
216 1840 321 1906 celsam
336 1855 483 1916 oppugnat
498 1839 548 1918 qui
564 1839 687 1896 molibus
702 1841 803 1897 urbem

76 1932 108 1972 aut
118 1936 246 1978 montana
261 1920 340 1978 sedet
355 1919 466 1978 circum
482 1921 599 1977 castella
614 1920 666 1977 sub
681 1920 775 1991 armis,
870 1951 908 1988 ⁴40

76 2012 130 2055 nunc
142 2002 199 2073 hos,
215 2020 295 2058 nunc
311 2000 376 2058 illos
392 2000 495 2071 aditus,
511 2017 687 2078 omnemque
702 2017 827 2076 pererrat

75 2091 115 2134 arte
126 2080 226 2153 locum,
241 2096 270 2138 et
285 2080 368 2138 variis
383 2081 542 2139 adsultibus
557 2081 659 2138 inritus
675 2097 785 2154 urguet.

75 2161 171 2219 ostendit
183 2162 315 2220 dextram
330 2161 479 2236 insurgens
495 2161 627 2219 Entellus
642 2178 672 2218 et
688 2160 746 2218 alte

75 2241 168 2300 extulit:
189 2242 239 2300 ille
254 2242 345 2299 ictum
359 2242 528 2299 venientem
543 2262 559 2299 a
573 2241 680 2299 vertice
695 2242 776 2298 velox

75 2321 194 2393 praevidit,
209 2323 356 2400 celerique
372 2323 482 2400 elapsus
498 2342 617 2398 corpore
634 2321 726 2378 cessit.

75 2393 178 2484 Entellus
192 2403 266 2460 vires
281 2403 311 2459 in
327 2418 447 2460 ventum
463 2402 575 2472 effudit,
590 2417 620 2460 et
635 2403 710 2459 ultro

75 2494 115 2550 lpse
126 2483 208 2557 gravis
222 2483 403 2560 graviterque
419 2483 454 2539 ad
470 2498 575 2539 terram
610 2482 717 2540 ondere
732 2500 811 2540 vasto

75 2562 183 2635 concidit,
198 2581 230 2621 ut
244 2564 392 2641 quondam
408 2584 476 2620 cava
491 2504 621 2621 concidit
636 2579 685 2620 aut
705 2564 883 2638 Erymantho

74 2655 107 2696 sut
118 2643 161 2702 Ida
174 2644 205 2702 in
220 2665 324 2719 magna
340 2644 483 2701 radicibus
499 2659 579 2700 eruta
596 2643 688 2720 pinus.

74 2735 221 2800 consurgunt
236 2724 336 2783 studiis
352 2724 462 2781 Teucri
478 2740 507 2780 et
524 2724 677 2781 Trinacria
692 2724 801 2800 pubes3
869 2756 907 2791 450

74 2794 189 2863 itclamor
204 2806 295 2876 caelo,
311 2805 476 2881 primusque
492 2804 621 2862 accurrit
631 2806 758 2875 Acestes,

74 2897 279 2964 aequaevumque
294 2886 330 2943 ab
345 2886 433 2941 humo
449 2885 585 2942 miserans
600 2885 708 2942 attollit
722 2885 856 2943 amicum.

74 2974 93 3014 at
103 2981 148 3022 non
163 2967 287 3025 tardatus
303 2986 370 3024 casu
386 2986 480 3042 neque
497 2965 611 3022 territus
626 2966 708 3022 heros

74 3042 140 3100 acrior
151 3047 185 3104 ad
200 3067 325 3124 pugnam
341 3046 423 3116 redit,
440 3066 472 3103 ac
488 3046 545 3102 vim
561 3046 676 3103 suscitat
691 3045 750 3114 ira3

75 3132 118 3179 tum
129 3128 213 3204 pudor
227 3126 361 3186 incendit
376 3126 448 3183 vires
464 3144 492 3183 et
507 3126 621 3183 conscia
635 3125 733 3196 virtus,

368 3234 416 3281 449
434 3220 550 3268 radicitus.
