2002 3614
342 160 367 206 P.
386 157 527 206 VERGILI
546 158 701 206 MARONIS

111 306 175 359 ergo
190 287 283 343 omnis
298 288 382 360 longo
397 287 480 344 solvit
495 307 521 344 se
538 286 663 343 Teucria
677 287 759 345 luctu
776 309 783 346 :

110 367 274 441 panduntur
289 383 384 443 portae
400 391 408 436 3
430 367 507 425 iuvat
522 367 562 424 ire
577 383 604 424 et
619 367 726 424 Dorica
741 383 830 425 castra

109 445 289 524 desertosque
307 447 401 504 videre
417 448 493 505 locos
508 447 630 524 litusque
646 448 790 506 relictum.

110 526 156 582 hic
173 526 320 603 Dolopum
336 548 444 598 manus,
459 528 506 586 hic
524 548 619 585 saevus
634 528 768 586 tendebat
781 528 907 586 Achilles
920 553 927 597 3

109 607 242 664 classibus
257 607 304 664 hic
321 608 410 677 locus,
425 609 468 665 his
483 609 543 666 acie
559 625 663 665 certare
679 609 817 666 solebant.
936 635 957 674 3:

109 708 170 763 pars
185 704 280 764 stupet
295 688 433 763 innuptae
448 690 556 746 donum
572 689 685 746 exitiale
702 689 863 760 Minervae,

110 785 138 824 et
154 768 259 825 molem
275 769 412 826 mirantur
428 769 492 846 equi
509 794 517 837 ;
538 769 701 846 primusque
717 769 893 845 Thymoetes

109 849 175 905 duci
191 849 266 905 intra
280 870 374 906 muros
390 851 519 906 hortatur
534 867 562 907 et
577 870 639 906 arce
655 849 751 920 locari,

109 929 167 986 sive
182 930 257 999 dole,
273 950 321 986 seu
337 930 391 987 iam
409 930 515 987 Troiae
530 930 569 988 sic
586 931 640 987 fata
655 930 793 988 ferebant.

110 1027 137 1066 at
153 1009 256 1086 Capys,
272 1029 299 1067 et
315 1032 436 1088 quorum
453 1011 554 1068 melior
569 1010 708 1068 sententia
722 1011 823 1081 menti,

110 1107 157 1147 aut
172 1092 271 1166 pelago
286 1091 419 1148 Danaum
435 1092 548 1148 insidias
563 1108 748 1168 suspectaque
762 1092 837 1149 dona

110 1171 293 1247 praecipitare
308 1172 419 1241 iubent,
436 1172 626 1250 subiectisque
642 1192 723 1228 urere
738 1171 859 1229 flammis
875 1195 882 1230 ε
938 1207 941 1210 >

111 1267 158 1308 aut
174 1251 313 1309 terebrare
329 1273 409 1309 cavas
425 1252 496 1310 uteri
513 1269 542 1310 et
556 1268 693 1328 temptare
708 1252 836 1311 latebras.

110 1331 250 1389 scinditur
264 1332 406 1390 incertum
422 1333 513 1390 studia
528 1333 558 1390 in
573 1333 711 1390 contraria
725 1333 836 1408 vulgus.

151 1412 258 1490 primus
274 1413 312 1470 ibi
325 1429 389 1470 ante
402 1434 510 1483 omnes,
522 1434 623 1488 magna
635 1413 789 1471 comitante
802 1429 916 1480 caterva,
941 1439 957 1476 4<

111 1493 244 1551 Laocoon
260 1494 360 1551 ardens
374 1515 484 1552 summa
499 1493 624 1552 decurrit
640 1494 752 1550 abarce
768 1518 777 1562 ;

108 1590 140 1631 >et
155 1575 255 1651 procul
273 1597 279 1631 :
302 1581 336 1632 ‘o
351 1575 455 1644 miseri,
472 1595 543 1652 quae
559 1590 636 1632 tanta
650 1574 768 1644 insania,
783 1574 880 1632 cives?

112 1655 226 1711 creditis
241 1670 351 1712 avectos
367 1657 483 1712 hostes?
506 1671 552 1712 aut
568 1655 626 1712 ulla
641 1654 743 1731 putatis

111 1736 185 1792 dona
200 1755 293 1793 carere
308 1735 379 1792 dolis
394 1736 554 1792 Danaum?
575 1735 614 1792 sic
630 1750 712 1792 notus
728 1735 858 1793 Ulixes?

111 1831 158 1873 aut
173 1818 227 1872 hoc
244 1816 346 1873 inclusi
362 1817 441 1891 ligno
457 1817 638 1874 occultantur
652 1815 768 1886 Achivi,

112 1912 159 1954 aut
174 1899 243 1954 haec
260 1896 289 1953 in
306 1912 411 1953 nostros
427 1897 562 1954 fabricata
577 1913 618 1954 est
633 1896 765 1954 maehina
780 1916 875 1954 muros

112 1979 274 2053 inspectura
288 1978 385 2035 domos
400 1993 576 2054 venturaque
592 1978 710 2054 desuper
728 1977 790 2034 urbi
804 2001 813 2045 ;

112 2076 159 2115 aut
174 2058 274 2135 aliquis
290 2059 357 2115 latet
373 2079 448 2115 error
465 2081 471 2116 ε
493 2079 566 2134 equo
581 2079 617 2114 ne
633 2057 749 2126 credite,
766 2057 885 2114 Teucri.

112 2139 251 2217 quidquid
265 2139 294 2196 id
309 2155 357 2207 est,
376 2139 463 2196 timeo
479 2139 591 2195 Danaos
607 2155 635 2196 et
650 2139 723 2195 dona
738 2135 880 2194 ferentes'

113 2220 150 2276 sic
168 2220 239 2276 fatus
254 2220 352 2276 validis
367 2219 514 2294 ingentem
530 2219 635 2276 viribus
649 2221 757 2276 hastam
943 2242 957 2279 ει

113 2301 142 2356 in
158 2300 229 2356 latus
245 2300 331 2376 inque
347 2301 398 2357 feri
414 2321 533 2359 curvam
547 2300 728 2376 compagibus
744 2299 840 2355 alvum

113 2381 258 2437 contorsit.
301 2381 378 2439 stetit
393 2381 441 2437 illa
456 2397 589 2450 tremens,
605 2396 741 2457 uteroque
756 2400 868 2437 recusso

113 2461 263 2517 insonuere
279 2482 362 2518 cavae
377 2462 574 2539 gemitumque
589 2461 690 2518 dedere
706 2480 853 2518 cavernae.

113 2558 151 2611 et,
167 2542 187 2597 si
203 2542 258 2598 fata
273 2542 369 2611 deum,
384 2542 405 2598 si
422 2563 501 2599 mens
517 2563 574 2598 non
591 2543 669 2598 laeva
683 2540 789 2608 fuisset,

114 2623 254 2697 inpulerat
271 2623 343 2678 ferro
359 2623 506 2698 Argolicas
522 2623 634 2679 foedare
650 2621 769 2678 latebras
784 2645 793 2689 ;

114 2703 258 2780 Troiaque
273 2723 350 2760 nunc
367 2721 459 2773 staret,
478 2703 637 2780 Priamique
652 2723 701 2758 arx
716 2703 781 2771 alta,
797 2719 932 2758 maneres.

154 2803 231 2852 ecce,
247 2804 345 2840 manus
362 2784 497 2840 iuvenem
512 2784 619 2840 interea
633 2799 695 2858 post
710 2798 786 2857 terga
800 2781 957 2838 revinctum

114 2879 234 2938 pastores
251 2885 353 2938 magno
369 2864 403 2920 ad
417 2884 513 2939 regem
528 2864 652 2921 clamore
667 2863 815 2920 trahebant

114 2943 301 3012 Dardanidae,
318 2944 366 3021 qui
382 2965 410 3000 se
427 2945 556 3018 ignotum
572 2944 752 3001 venientibus
768 2944 852 3012 ultro,

114 3026 167 3080 hoc
181 3025 273 3099 ipsum
286 3042 316 3081 ut
333 3040 450 3081 strueret
466 3025 640 3102 Troiamque
653 3024 772 3100 aperiret
786 3023 917 3092 Achivis,
949 3040 957 3077 t

114 3105 263 3173 obtulerat,
281 3105 369 3162 fidens
385 3105 482 3175 animi,
498 3123 581 3183 atque
600 3106 628 3162 in
646 3121 798 3181 utrumque
813 3120 934 3179 paratus,

288 3226 317 3273 37
335 3211 477 3258 subiectisve.
514 3211 541 3272 56
559 3220 636 3268 stares,
649 3218 768 3271 maneret„
