2002 3614
32 207 34 211 ·
73 183 118 228 11⁶
341 181 366 228 P.
384 181 526 229 VERGILI
544 181 701 229 Mauortis

112 310 298 387 Cocytusque
314 310 378 367 sinu
394 311 494 368 labens
510 310 701 368 circumvenit
717 327 790 371 atro.

110 390 189 467 quod
203 391 224 447 si
242 406 338 448 tantus
354 411 433 448 amor
447 392 550 462 menti,
566 389 588 448 si
606 407 685 449 tanta
700 393 809 470 cupido

110 472 152 529 bis
170 471 280 547 Stygios
296 471 396 528 innare
412 473 499 543 lacus,
515 472 558 529 bis
574 472 653 547 nigra
668 472 767 530 videre

110 553 241 624 Tartara,
258 568 286 610 et
301 552 403 610 insano
418 553 498 610 iuvat
513 551 662 628 indulgere
678 553 780 626 labori,

110 633 218 710 accipe,
234 654 307 710 quae
323 633 485 709 peragenda
500 633 588 710 prius.
631 634 703 691 latet
718 635 820 692 arbore
836 655 927 713 opaca

110 735 211 771 aureus
227 730 255 771 et
270 714 347 771 foliis
364 731 392 772 et
408 715 494 772 lento
503 714 613 771 vimine
627 735 731 786 ramus,

110 795 217 852 Iunoni
233 794 364 852 infernae
380 795 474 852 dictus
490 815 568 852 sacer
577 820 586 864 ;
609 796 686 852 hunc
702 795 775 870 tegit
790 796 885 854 omnis

110 876 200 946 lucus,
217 891 245 932 et
260 875 386 932 obscuris
402 876 544 933 claudunt
561 875 740 933 convallibus
757 878 887 936 umbrae.

110 957 159 1012 sed
175 976 233 1012 non
249 972 316 1013 ante
332 957 416 1014 datur
432 956 542 1013 telluris
559 970 657 1032 operta
672 956 779 1027 subire,
943 988 983 1024 140

110 1036 268 1094 auricomos
284 1057 370 1114 quam
386 1037 435 1114 qui
452 1036 627 1114 decerpserit
643 1037 742 1094 arbore
759 1037 845 1095 fetus.

109 1119 163 1174 hoc
179 1117 231 1173 sibi
246 1118 366 1193 pulchra
381 1138 464 1175 suum
480 1117 546 1174 ferri
563 1117 730 1193 Proserpina
744 1137 851 1175 munus

103 1197 251 1260 ,instituiti
273 1198 365 1274 primo
380 1199 477 1254 avulso
492 1218 550 1254 non
567 1197 664 1255 delicit
678 1198 749 1256 alter

111 1299 219 1347 aureus,
235 1294 263 1335 et
278 1278 363 1335 simili
379 1278 534 1336 frondescit
549 1278 627 1354 virga
642 1279 766 1336 metallo.

111 1379 177 1434 ergo
192 1360 246 1416 alte
262 1359 369 1434 vestiga
384 1359 474 1416 oculis
490 1374 519 1416 et
535 1358 588 1416 rite
603 1375 748 1434 repertum

111 1460 192 1515 carpe
208 1460 294 1497 manu
308 1463 317 1507 ;
338 1459 461 1516 namque
478 1439 537 1515 ipse
551 1441 648 1496 volens
667 1439 815 1517 facilisque
832 1455 979 1517 sequetur,

111 1520 132 1577 si
148 1536 176 1577 te
191 1520 247 1577 fata
262 1536 384 1580 vocant:
406 1520 487 1578 aliter
503 1540 562 1577 non
577 1519 684 1577 viribus
701 1519 767 1577 ullis

112 1601 226 1658 vincere
241 1620 295 1657 nec
310 1600 382 1657 duro
397 1600 502 1676 poteris
517 1601 679 1658 convellere
694 1600 778 1657 ferro.

111 1698 254 1757 praeterea
267 1681 341 1738 iacet
355 1682 521 1739 exanimum
537 1681 588 1739 tibi
605 1701 706 1758 corpus
721 1680 850 1738 amici-

111 1764 167 1819 heu
182 1761 273 1818 nescis
287 1762 484 1838 l-totamque
500 1762 621 1820 incestat
635 1762 736 1819 funere
752 1763 883 1832 classem,
941 1791 983 1828 150

112 1843 181 1898 dum
196 1842 325 1899 consulta
339 1842 411 1919 petis
427 1858 579 1920 nostroque
595 1842 624 1898 in
641 1842 740 1900 limine
755 1844 874 1920 pendes.

111 1923 223 1980 sedibus
238 1924 315 1979 hunc
331 1923 403 1980 refer
418 1939 485 1980 ante
499 1923 555 1980 suis
571 1939 599 1980 et
614 1922 706 1980 conde
721 1926 884 2000 sepulchro.

112 2005 167 2061 duc
184 2003 274 2077 nigras
289 2003 432 2079 pecudes;
454 2024 485 2060 ea
500 2003 591 2080 prima
605 2003 717 2079 piacula
731 2021 827 2064 sunto.
887 2078 890 2082 ι

112 2085 150 2141 sic
166 2085 283 2141 demum
298 2085 376 2141 lucos
393 2085 485 2159 Stygis
499 2100 528 2141 et
543 2104 627 2158 regna
642 2084 718 2141 invia
733 2084 805 2142 vivis

112 2163 246 2241 aspicies.'
288 2164 370 2234 dixit,
386 2186 536 2242 pressoque
551 2165 696 2222 obmutuit
710 2185 767 2223 ore.

152 2247 263 2302 Aeneas
278 2261 384 2302 maesto
399 2245 507 2303 defixus
523 2246 634 2303 lumina
649 2245 731 2302 vultu

112 2327 278 2401 ingreditur,
295 2326 428 2403 linquens
444 2342 567 2395 antrum,
585 2346 740 2402 caecosque
755 2326 868 2384 volutat

113 2422 230 2464 eventus
246 2406 342 2463 animo
357 2427 472 2464 secum:
496 2407 542 2464 cui
560 2407 630 2464 fidus
645 2407 768 2463 Achates

113 2488 134 2544 it
149 2508 242 2544 comes
258 2504 286 2544 et
301 2487 412 2562 paribus
429 2487 502 2545 curis
518 2487 636 2562 vestigia
652 2486 721 2561 figit.

113 2569 202 2624 multa
217 2567 291 2624 inter
305 2588 362 2624 sese
379 2568 456 2624 vario
472 2588 600 2625 sermone
615 2567 753 2637 serebant,
939 2585 978 2622 160

113 2669 198 2724 quem
210 2648 317 2705 socium
328 2648 492 2706 exanimum
505 2664 589 2716 vates,
600 2647 677 2725 quod
686 2668 787 2723 corpus
797 2647 975 2705 humandum

113 2729 238 2797 diceret;
260 2746 343 2805 atque
359 2730 402 2786 illi
420 2729 567 2786 Misenum
583 2729 612 2785 in
630 2729 712 2786 litore
728 2728 812 2797 sicco,

114 2825 144 2866 ut
160 2830 271 2878 venere,
289 2810 387 2867 vident
403 2810 520 2884 indigna
535 2826 624 2866 morte
639 2824 830 2885 peremptum,

115 2890 263 2946 Misenum
279 2891 430 2960 Aeoliden,
446 2911 503 2967 quo
517 2911 575 2946 non
590 2889 776 2966 praestantior
791 2890 862 2946 alter

113 2991 175 3027 aere
191 2970 265 3026 ciere
282 2971 354 3027 viros
371 2973 553 3047 Martemque
569 2970 724 3027 accendere
739 2984 836 3027 cantu.

115 3051 247 3107 Hectoris
264 3051 310 3108 hic
327 3051 420 3125 magni
436 3051 528 3108 fuerat
543 3071 647 3121 comes,
664 3051 791 3107 Hectora
806 3050 916 3107 circum

114 3147 142 3188 et
157 3131 228 3188 lituo
243 3152 351 3207 pugnas
366 3131 481 3204 insignis
497 3130 593 3187 obibat
607 3147 636 3188 et
650 3133 734 3188 hasta.

354 3239 395 3285 133
415 3224 496 3283 cupido
508 3231 549 3270 est.
587 3237 627 3280 141
642 3223 698 3282 quis.
