2002 3614
70 197 114 229 roo
342 184 369 230 P.
387 183 528 232 VERGILI
546 183 703 231 MARONIS

105 313 351 390 praecipitemque
366 313 463 370 Daren
479 313 581 370 ardens
596 312 653 387 agit
667 333 791 390 aequore
806 329 877 386 toto,

105 414 184 451 nunc
200 395 300 450 dextra
315 393 496 468 ingeminans
512 393 596 463 ictus,
611 413 690 451 nunc
706 393 756 452 ille
771 395 903 454 sinistra:

105 495 160 532 nec
175 495 262 544 mora,
279 495 333 531 nec
349 474 479 552 requies:
502 494 589 552 quam
603 475 694 532 multa
709 476 851 550 grandine
866 477 959 536 nimbi

106 554 282 612 culminibus
297 554 450 632 crepitant,
466 554 506 612 sic
521 554 616 612 densis
631 554 737 612 ictibus
751 558 835 614 heros

106 637 205 694 creber
221 650 342 713 utraque
357 656 444 693 manu
459 636 554 712 pulsat
568 650 717 713 versatque
731 636 851 695 Dareta.
935 657 973 706 4⁶0

106 732 168 774 tum
183 731 263 794 pater
276 718 389 774 Aeneas
404 716 561 793 procedere
576 716 688 790 longius
703 716 756 774 iras

106 812 134 855 et
148 797 255 855 saevire
271 797 373 854 animis
389 797 539 854 Entellum
553 796 631 853 haud
646 818 741 873 passus
757 799 886 869 acerbis3

106 879 154 935 sed
168 879 256 935 finem
272 877 399 955 inposuit
414 897 538 954 pugnae,
553 877 716 955 fessumque
731 879 840 936 Dareta

107 959 220 1036 eripuit,
236 958 367 1016 mulcens
382 957 475 1028 dictis,
492 977 523 1014 ac
541 957 608 1014 talia
624 958 717 1015 fatur:

87 1039 219 1110 ‘infelirn
235 1060 307 1116 quae
323 1054 402 1096 tanta
418 1038 547 1096 animum
562 1038 709 1096 dementia
724 1039 821 1115 cepit?

107 1141 166 1177 non
181 1120 254 1177 vires
270 1120 338 1177 alias
353 1139 548 1196 conversaque
564 1119 685 1176 numina
700 1119 809 1177 sentis?

107 1202 177 1259 cede
193 1201 266 1258 de0.'
308 1199 440 1277 dixitque
456 1215 485 1257 et
499 1199 608 1276 proelia
623 1220 694 1257 voce
710 1199 838 1259 diremit.

107 1297 149 1339 ast
163 1281 248 1338 illum
263 1281 312 1338 fidi
328 1281 469 1358 aequales,
485 1300 578 1355 genua
594 1300 675 1355 aegra
691 1283 866 1352 trahentem,

107 1362 321 1454 iactantemque
337 1376 458 1439 utroque
474 1376 570 1453 caput,
586 1381 769 1439 crassumque
785 1383 918 1420 cruorem

107 1464 155 1500 ore
171 1442 345 1500 eiectantem
360 1442 522 1520 mixtosque
537 1441 567 1498 in
584 1441 722 1517 sanguine
737 1442 861 1534 dentes,
936 1474 974 1511 470

108 1524 219 1582 ducunt
234 1524 270 1581 ad
285 1543 390 1593 naves3
411 1523 579 1599 galeamque
595 1542 751 1600 ensemque
766 1523 862 1580 vocati

108 1605 273 1681 accipiunt:
295 1604 420 1681 palmam
436 1603 554 1660 Entello
571 1617 743 1680 taurumque
758 1603 941 1681 relinquunt.

108 1685 155 1742 hic
170 1685 271 1755 victor,
287 1704 422 1760 superans
438 1683 539 1740 animis
556 1698 695 1761 tauroque
711 1685 868 1760 superbus:

90 1770 175 1823 ‘nate
190 1765 253 1836 dea,
268 1785 375 1841 vosque
390 1764 482 1835 haec,’
497 1763 602 1841 inquit,
619 1764 802 1839 ‘cognoscite
819 1765 941 1835 Teudri,

109 1861 137 1903 et
152 1845 222 1902 mihi
238 1866 311 1922 quae
327 1843 437 1902 fuerint
452 1844 601 1902 iuvenali'
594 1866 625 1901 1n
640 1866 759 1922 corpore
775 1845 859 1917 vires,

109 1943 137 1983 et
151 1948 207 2003 qua
222 1926 338 1982 servetis
353 1940 518 1983 revocatum
533 1946 548 1982 a
564 1941 655 1983 morte
670 1925 798 1984 Dareta.'

108 2007 191 2077 dixit,
207 2022 236 2063 et
251 2005 360 2063 adversi
375 2021 475 2063 contra
491 2006 570 2063 stetit
586 2026 633 2062 ora
648 2005 775 2078 iuvenci,

108 2088 157 2166 qui
173 2088 282 2144 donum
297 2086 426 2144 adstabat
440 2106 572 2163 pugnae3
594 2086 737 2164 durosque
753 2087 873 2146 reducta

108 2169 223 2226 libravit
238 2169 338 2224 dextra
353 2166 448 2224 media
463 2167 542 2223 inter·
554 2186 661 2224 cornua
677 2182 787 2224 caestus

108 2249 222 2339 arduus,
238 2249 413 2339 effractoque
428 2247 520 2304 inlisit
535 2247 565 2303 in
581 2268 641 2304 ossa
657 2247 784 2305 cerebro.
936 2268 974 2316 480

108 2329 244 2386 sternitur
260 2327 457 2404 exanimisque
473 2343 599 2384 tremens
614 2328 780 2404 procumbit
796 2329 878 2386 humi
894 2329 956 2388 bos.

108 2410 159 2465 ille
174 2430 259 2485 super
274 2410 344 2466 tales
363 2407 486 2464 effundit
502 2423 619 2499 pectore
634 2429 736 2465 voces:

93 2489 182 2546 ‘hanc
200 2489 261 2559 tibi,
278 2490 367 2580 Eryx,
381 2488 531 2545 meliorem
547 2488 672 2546 animam
686 2509 739 2565 pro
751 2505 844 2546 morte
857 2466 974 2548 Daretis

108 2571 255 2647 persolvo:
278 2569 325 2626 hic
341 2569 432 2626 victor
448 2584 559 2626 caestus
575 2584 723 2645 artemque
738 2571 869 2646 repono)

148 2650 279 2727 protinus
294 2651 406 2707 Aeneas
422 2649 509 2706 celeri
526 2664 635 2706 certare
651 2650 751 2723 sagitta

108 2730 222 2800 invitat,
238 2730 287 2807 qui
303 2730 378 2787 forte
392 2729 495 2799 velint,
512 2745 540 2786 et
554 2730 681 2806 praemia
697 2729 787 2799 dicit;

108 2811 278 2887 ingentique
294 2831 380 2867 manu
397 2810 505 2867 malurn
520 2810 556 2867 de
572 2831 644 2868 nave
661 2810 765 2867 Seresti

110 2891 201 2966 erigit,
218 2906 246 2946 et
260 2892 408 2948 volucrem
424 2891 544 2948 traiecto
560 2891 590 2947 in
606 2891 676 2948 fune
692 2890 867 2964 columbam,

109 2993 167 3049 quo
183 2971 304 3027 tendant
320 2971 436 3043 ferrum,
453 2971 528 3028 malo
543 2971 692 3048 suspendit
707 2972 742 3029 ab
758 2973 827 3031 alto.

110 3071 272 3109 convenere
287 3051 350 3121 viri,
366 3052 566 3128 deiectamque
582 3072 663 3108 aerea
678 3067 783 3109 sortem
936 3083 975 3121 490

111 3131 223 3207 accepit
237 3131 335 3205 galea;
358 3147 387 3189 et
401 3131 509 3209 primus
524 3132 649 3190 clamore
664 3134 793 3190 secundo

347 3226 394 3284 486
413 3225 484 3286 ponit.
518 3239 563 3286 491
583 3226 692 3285 primum.
