2002 3614
342 193 367 237 P.
385 190 524 237 VERGILI
544 190 699 236 MARONIS

109 323 306 398 artificumque
322 342 421 378 manus
436 321 510 378 inter
525 341 552 377 se
567 341 742 398 operumque
759 321 885 379 laborem

110 404 235 472 miratur,
252 403 328 459 videt
344 403 443 458 lliacas
459 423 492 458 ex
508 402 606 458 ordine
622 422 728 477 pugnas

109 484 262 561 bellaque
256 504 311 541 ram
327 484 400 539 fama
416 499 506 539 totum
522 482 633 583 vulgata
649 504 698 558 per
712 483 819 552 orbem,

109 565 220 621 Atridas
237 564 437 640 Priamumque
453 580 481 620 et
496 571 620 677 saevpm
605 543 761 621 lambobus
776 565 929 621 Achillem.

109 645 246 713 constitit,
281 644 539 702 etlaerimans‘
548 643 608 720 quis
645 643 703 700 iam
737 644 834 714 locus,’
868 639 958 721 inqui

99 790 103 800 Ι
190 661 328 795 ιΑειιιιιϊε,

110 828 180 884 quae
196 807 271 880 regio
287 807 316 863 in
333 807 413 863 terris
428 805 515 862 nostri
531 825 588 862 non
605 806 691 881 plena
705 806 830 862 laboris?
930 830 959 869 4⁴

110 908 145 945 en
163 888 288 944 Priamus
303 888 307 945 !
333 902 398 944 sunt
413 887 459 943 hic
476 886 560 943 etiarn
577 907 625 943 sua
638 887 763 962 praemia
778 887 855 944 laudi
869 912 877 956 ;

111 985 176 1025 sunt
141 968 322 1045 lacrimae
336 988 432 1034 rerum
448 983 476 1023 et
491 983 617 1024 mentem
633 968 762 1024 mortalia
777 984 906 1042 tangunt.

31 1050 188 1140 ωε
202 1065 315 1114 metus;
338 1050 409 1105 feret
424 1049 493 1104 haec
510 1047 632 1124 aliquam
648 1048 699 1104 tibi
715 1046 799 1104 fama
804 1045 944 1106 salutem?

110 1150 148 1186 src
165 1146 211 1197 art,
229 1146 312 1206 atque
328 1129 456 1185 animum
470 1128 583 1206 pictura
597 1128 686 1204 pascit
701 1128 779 1185 inani

111 1212 200 1267 multa
215 1230 339 1282 gemens,
356 1210 486 1300 largoque
503 1225 628 1265 umectat
643 1208 762 1265 flumine
777 1211 899 1266 vultum.

111 1312 233 1368 namque
250 1291 373 1359 videbat,
390 1290 430 1346 uti
447 1290 585 1345 bellantes
602 1290 775 1363 Pergama
750 1310 859 1346 circum

110 1374 162 1429 hac
179 1372 310 1445 fugerent
326 1370 404 1439 Grai,
421 1386 562 1446 premeret
577 1370 703 1426 Troiana
718 1370 849 1426 iuventus
863 1393 871 1437 ;

111 1455 163 1509 hac
180 1453 311 1527 Phryges,
328 1452 444 1508 instaret
459 1472 542 1508 curru
558 1451 687 1508 cristatus
701 1451 840 1508 Achilles.

111 1554 165 1590 nec
182 1534 281 1609 procul
297 1533 365 1589 hine
383 1532 468 1588 Rhesi
485 1531 573 1588 niveis
590 1531 710 1589 tentoria
725 1532 794 1588 velis
875 1586 878 1591 ,

111 1613 256 1688 adgnoscit
271 1614 433 1682 lacrimans,
447 1612 538 1688 primo
553 1633 624 1690 quae
640 1612 749 1689 prodita
764 1633 862 1670 somno
930 1636 959 1676 ιι

112 1695 240 1770 Tydides
257 1695 347 1751 multa
361 1693 484 1750 vastabat
499 1693 583 1750 caede
600 1710 742 1763 cruentus,

112 1776 297 1851 ardentesque
313 1774 413 1831 avertit
429 1795 514 1851 equos
530 1774 559 1830 in
575 1790 673 1843 eastra,
688 1775 850 1852 priusquam

112 1856 214 1933 pabula
228 1871 384 1929 gustassent
400 1855 503 1911 Troiae
520 1857 727 1931 Xanthumque
746 1855 889 1924 bibissent.

111 1952 189 2013 parte
205 1936 258 1992 alia
273 1935 383 2009 fugiens
400 1935 504 1991 amissis
519 1935 636 1992 Troilus
651 1936 744 2005 armis,

26 2013 30 2022 ¹
112 2017 214 2074 infelix
229 2036 299 2092 puer
315 2034 398 2092 atque
413 2017 494 2091 inpar
509 2035 672 2089 congressus
687 2016 806 2085 Achilli,

112 2100 200 2158 fertur
215 2096 293 2173 equis
308 2116 451 2172 curruque
466 2098 563 2152 haeret
577 2096 725 2172 resupinus
740 2096 828 2165 inani,

110 2178 169 2238 lora
212 2195 311 2234 tenens
356 2193 474 2244 tamen;
506 2176 572 2233 huic
617 2176 772 2253 cervixque
818 2191 956 2252 comaequ

193 2260 342 2315 trahuntur

112 2359 161 2430 per
177 2355 287 2405 terram,
304 2354 332 2394 et
347 2359 424 2393 versa
440 2338 531 2413 pulvis
547 2338 710 2395 inscribitur
724 2339 833 2416 haspas‘

112 2420 219 2475 interea
235 2419 269 2474 ad
284 2419 425 2494 templum
441 2440 498 2474 non
515 2439 619 2495 aequae
636 2418 756 2475 Palladis
772 2418 850 2476 ibant

113 2499 237 2555 crinibus
253 2499 355 2577 Iliades
371 2499 454 2589 passis
465 2499 655 2593 peplumque
660 2499 789 2573 ferebant
933 2508 959 2560 45

113 2575 292 2656 suppliciter,
304 2579 395 2636 tristes
411 2595 438 2635 et
455 2584 552 2635 tunsae
568 2596 682 2661 pectora
677 2575 817 2655 palmis:

70 2680 94 2696 ⁹
113 2661 177 2717 diva
192 2661 250 2716 solo
266 2660 334 2716 fixos
350 2661 446 2716 oculos
461 2664 556 2716 aversa
571 2655 695 2717 tenebat.

114 2757 155 2797 ter
169 2741 277 2798 circum
293 2742 307 2796 Ι
310 2740 329 2796 l
321 2761 394 2797 raeos
410 2757 566 2816 raptaverat
582 2741 709 2798 Hectora
724 2761 818 2798 muros

114 2821 335 2896 exanimumque
350 2841 418 2877 auro
433 2841 533 2897 corpus
549 2821 689 2878 vendebat
703 2821 843 2883 Achilles.

114 2918 175 2959 tum
192 2923 256 2958 vero
271 2901 419 2976 ingentem
434 2901 572 2993 gemitum
588 2902 635 2959 dat
649 2918 763 2978 pectore
779 2902 835 2959 ab
828 2922 894 2994 rmo,

114 2998 144 3039 ut
159 2983 256 3058 spolia,
272 2998 302 3038 ut
317 3003 425 3051 currus,
441 2998 527 3060 utque
543 2981 635 3058 ipsum
650 3003 751 3058 corpus
766 2982 850 3040 amici
884 3024 893 3077 ‚⁸

114 3064 338 3147 tendentemque
354 3083 452 3119 manus
470 3063 613 3119 Priamum
629 3063 777 3139 conspexit
792 3059 921 3120 inerm'es.

114 3165 141 3200 se
157 3164 269 3220 quoque
286 3141 459 3235 principibus
475 3143 650 3219 permixtum
665 3144 798 3217 adgnovit
813 3142 935 3207 Achivis,

80 3225 238 3302 «ansque
252 3225 327 3282 acies
343 3240 372 3282 et
386 3224 459 3301 nigri
477 3225 645 3283 Memnonis
659 3245 744 3283 arma.
