2002 3614
316 187 482 234 AENEIDOS
500 187 562 234 LIB.
579 188 591 233 I

50 319 191 377 disiectam
206 320 323 377 Aeneae
339 334 399 376 toto
413 318 490 376 videt
505 339 625 396 aequore
640 319 766 385 classem,

52 399 179 458 fiuctibus
193 420 339 477 oppressos
354 399 444 456 Troas
460 400 588 477 caelique
603 399 692 467 ruina,
746 459 747 463 ,

53 501 100 537 nec
115 481 223 538 latuere
237 481 297 537 doli
314 481 429 537 fratrem
445 481 564 537 lunonis
580 496 608 538 et
623 480 688 537 irae.
874 508 911 546 130

54 561 155 618 Eurum
170 563 204 618 ad
220 583 247 618 se
264 563 490 638 Zephyrumque
506 577 596 631 vocat,
613 548 716 617 debinc
734 559 799 617 talia
814 560 909 617 fatur:

91 648 220 699 ‘tantane
236 663 283 698 vos
299 642 517 722 Qe-ris-tenuit
533 641 636 697 fiducia
651 640 758 697 vestri?

56 721 229 800 iamcaelum
245 739 405 799 terramque
421 743 484 778 meo
499 722 559 778 sine
575 721 703 790 numine,
720 720 807 789 venti,

60 802 176 871 miscere,
191 818 219 859 et
235 819 325 860 tantas
341 802 447 859 audetis
464 803 562 859 tollere
577 803 672 877 Q
680 806 689 857 ?

62 884 242 964 ΜΗ
257 884 329 961 sed-
329 898 420 939 motos
435 898 554 958 praestat
569 902 739 957 componere
755 881 858 939 fluctus
875 904 880 938 :

64 965 193 1038 Qmihi
210 985 269 1020 non
286 963 370 1020 simili
387 984 477 1039 poena
493 963 641 1020 commissa
656 961 748 1019 luetis.

67 1060 185 1101 maturate
200 1045 308 1118 fugam,
323 1044 438 1120 regique
454 1046 522 1100 haec
539 1044 625 1100 dicite
641 1059 754 1100 vestro:

70 1143 113 1179 non
126 1125 165 1180 illi
179 1118 438 1200 imperium'pelagi
454 1144 626 1201 saevumque
642 1123 803 1191 tridentem,

72 1204 108 1259 sed
119 1204 181 1261 mihi
197 1222 270 1262 sorte
285 1204 393 1261 datum.
435 1221 514 1261 tenet
530 1204 579 1260 ille
595 1204 720 1260 inmania
735 1224 807 1270 saxa,

74 1278 376 1363 vestraquured—
390 1285 468 1354 ;illa
483 1306 510 1341 se
526 1285 611 1342 iactet
626 1284 656 1340 in
672 1285 734 1341 aula
875 1313 911 1349 140

42 1363 477 1503 Q
491 1363 734 1445 caesaraugust?
784 1435 790 1443 .

106 1444 134 1501 sic
148 1446 189 1514 ait,
206 1463 234 1504 et
249 1446 326 1503 dicto
342 1445 425 1502 citius
440 1446 548 1502 tumida
562 1436 831 1522 aequorspla'ciistt

251 1507 420 1522 -α

10 1562 12 1573 .
80 1524 238 1604 collectasque
253 1528 331 1600 fugat
347 1526 436 1583 nubes
451 1527 596 1602 solemque
612 1525 731 1582 reducit.

80 1602 209 1677 Cymothoe·
224 1607 307 1664 simul
324 1622 352 1663 et
367 1606 473 1663 Triton
489 1607 608 1662 adnixus
623 1622 707 1662 acuto

81 1682 204 1746 detrudunt
218 1709 303 1745 naves
319 1688 435 1763 scopulo
451 1711 459 1756 ;
481 1687 555 1744 levat
570 1686 635 1761 ipse
645 1686 760 1743 tridenti

82 1778 104 1818 et
113 1784 180 1824 vastas
191 1769 288 1845 Q
298 1769 393 1847 §yrt—es
408 1783 437 1825 et
452 1783 590 1842 temperat
605 1788 718 1843 aequor,

82 1859 143 1920 atque
155 1849 214 1906 rotis
229 1869 351 1906 summas
367 1848 476 1904 levibus
491 1847 646 1924 perlabitur
661 1847 759 1904 undas.

83 1942 107 1978 ac
117 1928 186 1985 veluti
198 1949 303 2006 ano
317 1929 347 1985 in
363 1930 647 2006 ppoulqcums-ae-pe
664 1944 758 1985 coorta
773 1943 814 1984 est

83 2003 163 2091 seditio,
175 2011 315 2087 saevitque
331 2008 430 2066 animis
445 2009 570 2084 ignobile
586 2009 695 2083 vulgus,
817 2080 819 2085 ,

83 2102 167 2163 unque
179 2091 250 2148 faces
266 2107 294 2147 et
310 2111 374 2146 saxa
389 2090 604 2146 volant—furor
619 2110 694 2146 arma
708 2087 890 2145 ministrat—

81 2169 234 2251 Q
243 2190 359 2246 gravem
374 2186 402 2226 et
417 2169 523 2226 meritis
539 2169 559 2225 si
575 2171 648 2226 forte
664 2169 756 2226 virum
772 2188 857 2246 quem
874 2196 908 2234 151

83 2261 231 2323 conspexere,
246 2251 332 2309 silent
346 2250 516 2326 arrectisque
532 2250 644 2307 auribus
660 2250 768 2306 adstant
781 2273 789 2318 ;

82 2321 121 2380 ille
130 2331 186 2404 regit
199 2331 283 2390 dictis
296 2331 416 2400 animos,
432 2347 459 2387 et
475 2347 589 2406 pectora
604 2331 732 2388 mulcet:

82 2402 113 2460 sic
124 2426 225 2470 cunctus
239 2411 333 2489 pelagi
349 2411 454 2468 cecidit
471 2413 571 2486 fragor,
587 2432 706 2488 aequora
720 2427 870 2488 postquam

82 2489 207 2563 prospicien
235 2492 351 2572 genium
363 2493 442 2549 caelo
464 2511 498 2548 ue
514 2491 674 2549 invectusa
695 2508 757 2549 erto
821 2525 836 2577 g

61 2535 149 2699 Qum
160 2593 238 2651 equos
254 2562 396 2648 curruqbe
412 2573 508 2628 volans
524 2563 571 2628 dat
587 2573 646 2629 lora
661 2570 917 2657 secund&

127 2651 189 2710 efessi
204 2653 366 2731 ch
382 2674 453 2730 quae
469 2653 598 2729 proxima
611 2653 802 2725 litQ-CQ

81 2734 227 2792 contendunt
242 2750 351 2811 petere,
366 2751 394 2790 et
409 2734 514 2808 Libyae
530 2751 679 2790 vertuntur
694 2733 811 2789 adoras.

80 2795 360 2894 <&TtiuTecessu'lon'go
375 2815 475 2871 locus:
499 2815 590 2870 insula
606 2831 718 2889 portum

80 2886 144 2947 efficit
155 2895 264 2964 &iectu
292 2911 410 2964 ater-um,
426 2895 528 2971 quibus
543 2895 635 2951 omnis
650 2895 683 2950 ab
700 2895 756 2950 alto
874 2910 911 2948 160

79 2965 187 3044 frangitur
201 2975 380 3053 QQQQS
396 2975 501 3031 scindit
516 2996 573 3030 sese
590 2975 665 3030 unda
680 2975 819 3030 reductos.

77 3047 130 3137 ilinc
141 3071 215 3133 atque
231 3056 299 3113 hinc
317 3072 408 3111 vastae
425 3077 506 3136 QS
522 3055 684 3131 geminique
700 3055 844 3110 minantur

77 3148 100 3184 m
112 3135 206 3194 caelum
221 3136 341 3214 se-lei,
358 3157 479 3212 quorum
496 3137 546 3191 sub
562 3135 666 3191 vertice
682 3135 736 3191 late

76 3229 172 3288 aequora
185 3217 344 3302 tut-asilent
359 3238 365 3274 :
389 3233 450 3273 tum
467 3216 541 3272 silvis
556 3236 656 3271 scaena
671 3214 794 3270 coruscis

678 3284 786 3296 ..ι-ιι-
