2002 3614
258 919 382 976 uranu
405 915 609 994 QJARTUS

63 1095 97 1150 Ατ
105 1100 179 1173 regina
194 1102 271 1177 gravi
287 1101 454 1158 iamdudum
470 1101 562 1157 saucia
578 1121 644 1157 cura

64 1177 137 1236 vulnus
149 1183 226 1239 alitv
185 1182 300 1254 tvenis,
317 1198 345 1239 et
361 1202 446 1239 caeco
462 1181 587 1258 carpitur
600 1181 669 1255 igni.

64 1258 116 1314 uult
108 1274 128 1316 ta
139 1262 183 1318 viri
198 1263 287 1320 virtus
303 1262 408 1332 animo,
424 1264 588 1339 multusque
603 1278 728 1319 recursat

63 1338 128 1408 gentis
139 1343 242 1413 honos,
263 1345 385 1400 haerent
399 1342 479 1399 infixi
495 1359 612 1419 pectore
627 1342 722 1399 vultus

63 1418 178 1498 verbaque,
194 1445 247 1482 nec
262 1422 406 1501 placidam
422 1423 556 1480 membris
572 1423 620 1480 dat
635 1443 702 1480 cura
717 1423 854 1501 quietem.

17 1512 21 1522 '
63 1514 143 1570 postera
157 1505 287 1562 Phoebea
297 1505 439 1561 lustrabat
454 1504 587 1580 lampade
603 1519 688 1560 terras

63 1595 254 1676 umentemque
246 1568 357 1642 Aurora
370 1585 440 1662 polo
455 1584 613 1641 dimoverat
629 1585 769 1652 umbram,

62 1675 108 1716 cum
119 1663 150 1721 sic
164 1647 332 1730 unariimard
346 1665 510 1742 adloquitur
525 1665 600 1722 male
616 1685 682 1722 sana
698 1685 839 1723 sororem:

52 1736 121 1799 'huna
132 1765 210 1817 soror,
226 1766 299 1823 quae
315 1765 362 1833 me
377 1741 563 1823 suspensbnh
556 1745 699 1802 1nsomnia
715 1748 843 1804 terrent!

62 1837 104 1893 qus
115 1843 194 1884 novus
207 1827 255 1884 hic
271 1819 373 1884 nost'ris
390 1825 522 1890 successit
538 1825 651 1905 sedibus
665 1827 786 1902 hospes!
864 1857 888 1882 10

61 1917 121 1973 quem
133 1926 186 1965 sese
201 1928 249 1964 ore
265 1907 379 1964 ferens!
402 1927 487 1984 quam
505 1896 590 1963 forti
586 1927 640 1982 pec
644 1914 704 1963 tore
720 1922 749 1963 et
763 1906 865 1964 armis!

60 1982 121 2040 credo
134 1987 272 2079 equidem,
288 2008 342 2045 nec
357 2007 429 2044 vana
445 1986 523 2057 fides,
539 2007 627 2061 genus
643 2006 701 2044 esse
717 1986 853 2045 deorum:

59 2057 181 2135 degeneres
196 2068 306 2125 animos
322 2066 407 2124 timor
422 2067 522 2142 arguit.
566 2068 631 2137 heu,
646 2066 750 2144 quibus
764 2066 814 2124 ille

58 2157 148 2229 iactatus
162 2148 246 2206 fatis!
271 2168 344 2225 quae
361 2147 437 2204 bella
455 2149 589 2204 exhausta
605 2149 746 2205 canebat
741 2148 746 2185 ¹

58 2219 73 2276 si
84 2224 139 2283 mihi
152 2249 209 2285 non
226 2227 324 2286 animo
342 2227 454 2284 fixum
446 2243 648 2319 inmotumque
663 2227 775 2285 sederet

57 2321 83 2359 ne
94 2308 130 2365 cui
143 2330 187 2367 me
201 2308 301 2366 vinclo
317 2308 423 2366 vellem
440 2308 547 2365 sociare
562 2307 658 2383 iugali,

55 2403 176 2473 postquam
189 2391 300 2468 primus
315 2411 394 2448 amor
409 2389 561 2467 deceptam
577 2404 669 2445 morte
684 2388 809 2446 fefellit·
803 2396 848 2460 n]

54 2482 70 2518 n
81 2485 127 2526 non
140 2488 301 2548 pertaesum
318 2470 436 2528 thalami
453 2470 610 2547 taedaeque
626 2468 734 2540 fuisset,

54 2543 103 2605 huic
116 2572 160 2608 uni
154 2553 271 2609 'forsan
286 2551 367 2628 potui
384 2551 569 2609 succumbere
584 2550 696 2626 culpae.

53 2625 266 2690 hona—fatebor
282 2631 497 2689 enim—miseri
512 2645 577 2708 post
592 2631 649 2687 fata
665 2630 784 2706 Sychaei
866 2659 890 2685 20

51 2709 153 2786 coniugis
169 2731 197 2770 et
213 2733 322 2789 sparsos
338 2712 462 2769 fraterna
477 2711 565 2769 caede
582 2712 712 2781 Penates,

51 2788 105 2846 solus
118 2794 161 2851 hic
177 2791 293 2851 inflexit
309 2813 421 2883 sensus,
431 2793 618 2884 animumque
635 2756 779 2849 labahtem

48 2865 149 2944 inpulit:
171 2875 318 2949 adgnosco
335 2873 435 2928 veteris
451 2872 569 2964 vestigia
584 2871 725 2929 flammae.

47 2950 83 3005 d
47 2955 157 3013 mihi
173 2955 221 3013 vel
239 2953 328 3011 tellus
342 2969 439 3029 optem
455 2953 532 3030 prius
547 2953 604 3009 ima
619 2952 756 3021 dehiscat,

46 3032 80 3085 vel
93 3034 168 3094 Pater
183 3033 374 3110 omnipotens
389 3034 482 3107 adigat
498 3054 543 3090 me
559 3033 683 3089 fulmine
699 3031 734 3088 ad
750 3030 871 3097 umbras,

43 3112 162 3183 pallentes
178 3117 298 3176 umbras
314 3113 399 3169 Erebi
417 3130 591 3189 noctemque
606 3111 788 3188 profundam,

378 3205 407 3251 26
425 3207 503 3253 Erebo.
