2002 3614
343 170 369 215 P.
387 169 529 216 VERGILI
547 169 703 218 MARONIS

111 313 172 354 tum
188 297 293 372 virgam
309 299 479 375 capit-hac
497 299 604 356 animas
619 299 669 357 ille
686 317 785 359 evocat
801 303 881 359 Orco

110 379 261 454 pallentes,
277 379 344 436 alias
360 380 411 436 sub
428 380 549 437 Tartara
566 380 655 437 tristia
671 381 759 439 mittit
769 406 779 451 3

109 459 158 528 dat
173 479 284 533 somnos
299 459 467 537 adimitque,
478 476 512 519 ¹et
527 461 636 517 lumina
651 478 743 519 morte
757 462 908 537 resignat-

109 538 159 596 illa
173 534 261 597 fretus
277 536 333 614 agit
347 557 457 612 ventos,
475 558 502 599 et
519 541 631 598 turbida
647 558 740 599 tranat

109 620 217 678 nubila.
260 620 373 698 iamque
388 623 487 678 volans
504 622 615 698 apicem
633 639 660 679 et
677 623 764 680 latera
780 624 869 681 ardua
881 645 908 682 ce

107 701 233 758 Atlantis
248 702 322 773 duri,
339 703 451 759 caelum
467 703 514 779 qui
531 703 640 760 vertice
655 703 749 773 fulcit,

106 781 242 852 Atlantis,
258 782 387 840 cinctum
403 783 519 840 adsidue
536 783 581 840 cui
598 783 720 840 nubibus
736 784 803 841 atris

107 862 264 938 piniferum
280 880 365 940 caput
382 878 410 921 et
425 880 511 921 vento
526 865 655 940 pulsatur
670 880 698 921 et
713 863 817 933 imbri3

108 943 159 999 nix
174 964 285 1001 umeros
305 944 398 1001 infusa
415 944 501 1018 tegit:
525 960 586 1000 turn
601 944 720 1001 flumina
735 962 836 1002 mento

106 1024 297 1100 praecipitant
313 1025 396 1094 senis,
413 1042 441 1082 et
456 1025 547 1099 glacie
562 1025 634 1100 riget
649 1025 762 1082 horrida
777 1027 875 1084 barba.

107 1104 153 1162 hic
168 1105 293 1181 primum
310 1106 422 1181 paribus
439 1106 534 1162 nitens
551 1105 703 1181 Cyllenius
720 1105 770 1162 alis

107 1185 254 1256 constitit3
275 1184 344 1243 hinc
362 1202 421 1244 toto
436 1206 571 1262 praeceps
588 1207 616 1243 se
632 1207 749 1262 corpore
765 1187 801 1243 ad
819 1188 907 1245 undas

107 1265 193 1336 misit,
209 1266 252 1322 avi
269 1266 375 1334 similis,
393 1287 465 1343 quae
481 1267 590 1323 circum
606 1266 696 1337 litora,
713 1267 823 1325 circum

106 1346 229 1423 piscosos
244 1347 384 1423 scopulos,
397 1347 514 1404 humilis
529 1347 606 1404 volat
622 1368 745 1424 aequora
759 1347 850 1406 iuxta.

106 1427 183 1484 haud
198 1427 281 1485 aliter
297 1444 383 1484 terras
399 1427 473 1484 inter
488 1428 658 1505 caelumque
673 1427 788 1484 volabat

107 1507 172 1565 litus
188 1510 359 1566 harenosum
375 1508 410 1565 ad
425 1508 543 1583 Libyae,
559 1525 718 1585 ventosque
734 1509 851 1566 secabat

107 1604 236 1646 materno
251 1589 371 1646 veniens
387 1589 422 1646 ab
438 1610 489 1645 avo
505 1589 642 1664 Cyllenia
656 1589 759 1664 proles.

108 1685 137 1725 ut
152 1669 277 1745 primum
293 1669 374 1726 alatis
391 1669 484 1744 tetigit
499 1669 619 1744 magalia
635 1668 750 1745 plantis,

106 1750 225 1806 Aenean
241 1750 414 1807 fundantem
429 1771 506 1808 arces
522 1771 553 1810 ac
569 1766 645 1807 tecta
661 1766 817 1807 novantem

86 1854 89 1862 ·
106 1830 265 1906 conspicit:
288 1847 372 1907 atque
388 1830 431 1887 illi
447 1831 574 1888 stellatus
590 1830 696 1906 iaspide
711 1831 791 1888 fulva

107 1911 180 1967 ensis
197 1927 264 1981 erat,
281 1911 430 1988 Tyrioque
446 1911 562 1968 ardebat
578 1911 687 1968 murice
704 1912 798 1981 laena,

106 1991 226 2049 demissa
242 2012 276 2048 ex
292 1991 405 2061 umeris,
421 1992 499 2049 dives
515 2013 588 2069 quae
604 2013 722 2048 munera
738 1992 818 2050 Dido

92 2067 213 2130 'fecerat
229 2089 257 2129 et
273 2072 352 2129 tenui
369 2073 440 2129 telas
455 2073 628 2130 discreverat
643 2068 736 2153 auro}

106 2153 245 2210 continuo
260 2152 388 2210 invadit:
412 2159 460 2210 ‘tu
477 2174 554 2210 nunc
572 2143 760 2227 Carthaginis
772 2155 848 2211 altae

106 2234 295 2291 fundamenta
311 2235 397 2303 locas,
414 2235 621 2311 pulchramque
639 2233 752 2290 uxorius
769 2236 870 2292 urbem

107 2315 234 2384 exstruis,
250 2316 305 2371 heu
322 2314 401 2389 regni
418 2336 571 2391 rerumque
587 2314 677 2372 oblite
693 2321 827 2373 tuarum?

105 2394 164 2469 ipse
180 2396 265 2451 deum
283 2395 333 2452 tibi
350 2416 396 2452 me
412 2396 488 2452 claro
504 2395 631 2452 demittit
647 2384 775 2471 Olympo

106 2492 245 2549 regnator,
262 2476 375 2532 caelum
392 2493 419 2532 et
436 2492 522 2533 terras
538 2476 586 2553 qui
603 2476 723 2532 numine
739 2492 872 2554 torquet;

105 2555 165 2631 ipse
180 2557 249 2612 haec
266 2556 340 2612 ferre
356 2556 436 2613 iubet
452 2557 560 2614 celeres
576 2557 708 2613 mandata
724 2578 775 2633 per
791 2579 889 2615 auras:

105 2636 174 2712 quid
189 2636 289 2693 struis?
312 2653 359 2693 aut
375 2659 429 2714 qua
446 2658 495 2714 spe
510 2637 626 2712 Libycis
642 2636 707 2694 teris
724 2637 782 2693 otia
798 2639 896 2696 terris?

104 2717 126 2772 si
142 2732 169 2773 te
186 2717 265 2773 nulla
282 2735 378 2774 movet
394 2735 537 2775 tantarum
552 2718 639 2792 gloria
655 2738 759 2788 rerum,

105 2817 158 2853 nec
174 2818 257 2873 super
272 2797 332 2874 ipse
349 2815 395 2854 tua
412 2799 519 2855 moliris
536 2799 619 2855 laude
635 2799 770 2868 laborem,

103 2877 259 2934 Ascanium
280 2896 443 2953 surgentem
460 2895 488 2935 et
503 2900 563 2954 spes
580 2878 691 2935 heredis
707 2879 764 2934 luli

104 2958 223 3034 respice,
241 2959 286 3015 cui
303 2980 423 3033 regnum
440 2959 539 3015 ltaliae
556 2959 745 3034 Romanaque
761 2960 847 3017 tellus

104 3038 266 3096 debentur.’
310 3040 359 3096 tali
376 3039 529 3114 Cyllenius
544 3060 592 3095 ore
609 3039 720 3095 locutus

104 3120 238 3176 mortales
255 3119 327 3176 visus
344 3119 439 3176 medio
455 3140 587 3175 sermone
604 3119 728 3195 reliquit,

181 3225 226 3274 257
245 3212 381 3258 harenosum
396 3212 486 3271 Libyae.
522 3226 566 3270 273
586 3213 680 3257 omittunt
692 3213 750 3258 codd.
759 3215 859 3276 plerique.
