2002 3614
333 193 359 238 P.
378 190 518 236 VERGILI
538 191 694 238 MARONIS

103 323 249 399 Q>
262 324 376 379 Aeneae
392 322 541 379 solvuntur
555 321 657 395 frigore
673 324 800 379 membra
814 349 823 393 3

102 403 231 476 ingemit,
247 420 275 460 et
288 403 417 479 duplices
432 403 551 459 tendens
566 402 600 459 ad
615 402 703 459 sidera
718 405 822 479 palmas

103 483 169 560 talia
184 503 255 540 voce
269 484 354 540 refert
370 506 377 541 ε
400 491 434 540 ‘0
449 499 547 561 terque
563 500 716 561 quaterque
732 484 815 553 beati,

104 564 247 655 <pausante
262 585 309 621 ora
323 579 434 640 patrum
451 563 554 620 Troiae
571 565 622 621 sub
637 565 786 621 moenibus
801 566 862 621 altis

103 645 223 718 contigit
238 659 372 721 oppetere
388 645 394 702 l
418 666 435 700 o
450 645 583 702 Danaum
598 645 746 702 fortissime
761 646 852 719 gentis

104 725 228 800 Tydide,
245 745 328 782 mene
341 725 437 798 lliacis
453 725 623 781 occumbere
639 726 744 801 campis

102 827 161 862 non
177 806 299 884 potuisse
315 822 418 883 tuaque
434 806 557 862 animam
573 807 645 862 hane
663 806 810 863 effundere
825 807 917 863 dextra

68 898 85 923 ··«
100 886 263 966 Qi
277 886 417 943 Aeacidae
433 887 491 943 telo
505 886 579 942 iacet
595 886 714 955 Hector,
732 887 779 943 ubi
795 887 893 962 ingens

104 967 258 1042 Sarpedon,
275 966 323 1024 ubi
339 982 381 1023 tot
397 966 498 1023 Simois
513 983 641 1042 correpta
656 968 706 1024 sub
722 968 804 1024 undis

102 1063 181 1104 scuta
196 1047 288 1103 virum
303 1048 449 1124 galeasque
465 1064 493 1104 et
508 1047 590 1103 fortia
605 1067 721 1122 corpora
735 1048 824 1104 volvit
837 1048 861 1104 ?’
884 1081 886 1085 ·

144 1128 210 1185 talia
225 1127 340 1185 iactanti
356 1128 474 1184 stridens
488 1127 633 1205 Aquilone
648 1129 775 1203 procella

103 1210 199 1266 velum
215 1209 328 1265 adversa
343 1209 416 1277 ferit,
432 1207 592 1284 fluctusque
608 1209 642 1264 ad
656 1209 745 1265 sidera
760 1209 844 1265 tollit.

103 1290 272 1363 franguntur
287 1289 357 1345 remi
373 1313 381 1358 3
403 1304 464 1345 tum
480 1310 560 1365 prora
575 1288 674 1346 avertit
690 1305 718 1346 et
733 1289 816 1346 undis

103 1370 150 1427 dat
165 1372 236 1427 latus
251 1394 260 1439 3
281 1369 440 1447 QAQ
454 1371 572 1426 cumulo
586 1386 752 1445 praeruptus
767 1390 853 1446 aquae
871 1388 917 1425 mo

102 1451 133 1508 hi
148 1471 259 1508 summo
274 1451 303 1507 in
319 1449 409 1507 fluctu
424 1449 559 1526 pendent,
575 1450 710 1528 Q
724 1450 872 1506 dehiscens

104 1548 206 1590 terram
221 1531 295 1588 inter
309 1530 413 1588 fluctus
428 1531 516 1606 aperit
532 1555 540 1600 3
561 1530 630 1587 furit
645 1547 734 1588 aestus
748 1530 869 1587 harenis.

104 1628 159 1670 tres
175 1613 270 1669 Notus
285 1612 411 1687 abreptas
426 1611 455 1667 in
471 1632 535 1667 saxa
550 1611 667 1668 latentia
682 1627 805 1689 torquet,

104 1714 168 1751 saxa
183 1709 286 1750 vocant
301 1693 365 1749 Itali
381 1691 480 1748 mediis
495 1712 566 1768 quae
582 1692 611 1748 in
627 1690 761 1748 fluctibus
776 1693 846 1749 Aras

104 1773 218 1831 dorsum
233 1773 348 1830 inmane
363 1772 433 1830 mari
448 1793 560 1829 summo
574 1796 583 1840 3
605 1789 659 1829 tres
675 1773 766 1829 Eurus
776 1736 887 1829 ali-alto

105 1855 134 1911 in
150 1853 245 1911 brevia
260 1870 288 1911 et
304 1855 398 1945 Sprtes
413 1853 714 1930 urguet—miserabile
728 1853 832 1910 visu—

104 1934 257 2013 inliditque
272 1935 349 1991 vadis
363 1951 447 2010 atque
463 1954 560 2007 aggere
576 1934 665 2007 cingit
679 1935 810 1991 harenae.

106 2036 201 2086 unam,
217 2036 288 2093 quae
304 2015 407 2090 Lycios
422 2014 567 2090 fidumque
582 2015 703 2071 vehebat
719 2015 859 2082 Oronten,

104 2096 190 2175 lukius
205 2112 270 2154 ante
286 2096 383 2152 oculos
398 2095 497 2167 ingens
512 2116 527 2150 a
543 2096 648 2152 vertice
664 2110 767 2171 pontus

105 2179 135 2234 in
150 2176 270 2253 puppim
285 2176 349 2233 ferit
365 2198 372 2233 :
394 2176 538 2232 excutitur
552 2195 715 2251 pronusque
730 2176 861 2249 magister

105 2257 228 2315 volvitur
242 2255 272 2313 in
288 2271 372 2333 eaput
387 2280 396 2325 3
418 2255 552 2326 Q
567 2271 608 2312 ter
623 2256 726 2312 fluetus
742 2256 848 2312 ibidem

106 2352 219 2416 torquet
232 2357 316 2410 agens
328 2337 447 2405 circum,
459 2352 487 2392 et
502 2336 612 2412 rapidus
628 2351 706 2392 vorat
721 2356 841 2413 aequore
856 2351 917 2393 vert

105 2417 307 2499 qpparentmri
322 2433 421 2474 nantes
437 2417 466 2472 in
481 2417 592 2491 gurgite
607 2433 694 2486 vasto,

105 2520 181 2556 arma
195 2490 288 2555 virum
303 2498 472 2574 tabulaeque
488 2513 516 2554 ct
532 2497 619 2554 Troi'a
634 2518 699 2570 gaza
713 2519 763 2573 per
779 2497 875 2554 undas.

103 2560 297 2661 &va-uum
312 2578 415 2635 triones
431 2598 543 2646 navem,
557 2578 613 2657 ia-nr
629 2578 706 2634 fortis
721 2578 835 2648 Achati,

104 2677 205 2753 Q
218 2646 416 2737 Vfffflllffis
423 2649 840 2737 fflgrandaevusllleffs,

106 2758 175 2799 vrcrt
189 2740 300 2816 hiems
313 2765 322 2809 3
343 2740 412 2796 laxis
428 2741 547 2796 laterum
563 2738 744 2814 compagibus
759 2759 858 2795 omnes

106 2836 252 2897 accipiunt
267 2820 418 2877 inimicum
432 2821 553 2877 imbrem
568 2820 701 2898 rimisque
717 2819 862 2876 fatiscunt.

89 2881 143 2944 s
147 2901 254 2959 interea
268 2922 314 2958 ma
333 2921 371 2957 no
385 2901 495 2958 misceri
511 2920 656 2957 murmure
670 2916 791 2976 pontum

108 2982 291 3059 emissamque
306 2921 431 3038 liremem
446 2981 532 3038 sensit
548 2981 702 3056 Neptunus
715 2980 825 3058 Q

108 3080 204 3138 stagna
218 3063 309 3119 refusa
324 3061 408 3129 vadis,
424 3062 544 3138 graviter
559 3077 718 3131 commotus
731 3085 740 3130 3
761 3078 790 3119 et
805 3062 862 3118 alto

107 3143 280 3220 prospiciens
294 3162 403 3203 summa
418 3142 563 3218 pl—aci-dum
578 3158 663 3216 caput
678 3141 781 3200 extulit
797 3135 882 3201 un'da.

440 3254 484 3299 104
502 3253 599 3301 proram.
