2002 3614
79 223 110 268 34

351 208 377 254 P.
396 206 536 253 VERGILI
555 207 711 254 MARONIS

118 338 256 394 inruimus
272 337 364 393 densis
379 351 407 393 et
421 335 679 393 circumfundimur
693 337 787 407 armis,

119 419 284 494 ignarosque
300 417 355 474 loci
371 417 472 492 passim
488 432 516 473 et
531 417 684 473 formidine
699 434 797 493 captos

118 499 279 556 sternimus.
321 498 441 573 adspirat
455 497 549 573 primo
563 498 676 554 fortuna
691 498 790 557 labori
838 555 839 558 ,

100 595 218 691 ειτῳκὲΔΙ
217 578 264 635 hic
280 598 409 635 successu
425 579 567 635 exsultans
582 578 740 655 animisque
757 579 913 649 Coroebus,

100 666 136 716 ‘o
151 659 230 728 socii,
245 680 300 750 qua
315 656 422 734 prima,'
437 658 539 736 inquit,
556 659 688 716 ‘fortuna
702 659 799 716 salutis

119 756 255 797 monstrat
271 740 333 808 iter,
349 760 459 816 quaque
474 739 597 796 ostendit
612 759 641 795 se
655 738 764 808 dextra,
779 760 941 817 sequamur:

119 838 261 877 mutemus
276 820 391 895 clipeos,
407 819 619 895 Danaumque
611 819 732 894 insignia
746 820 828 877 nobis

119 917 256 977 aptemus.
298 901 379 957 dolus
393 920 428 956 an
444 900 539 968 virtus,
556 899 618 977 quis
632 900 662 956 in
677 901 761 957 hoste
775 900 919 978 requirat?
940 927 967 966 390

120 1003 197 1038 arma
212 981 320 1038 dabunt
335 978 406 1056 ipsi?
448 981 487 1037 sic
504 981 577 1037 fatus
592 980 694 1037 deinde
709 998 875 1039 comantem

120 1062 264 1136 Androgei
280 1062 388 1135 galeam
403 1061 545 1138 clipeique
561 1061 671 1135 insigne
685 1061 824 1118 decorum

121 1143 259 1210 induitur,
275 1142 411 1218 laterique
425 1141 566 1216 Argivum
581 1142 780 1200 adcommodat
795 1163 902 1200 ensem.

121 1225 174 1280 hoc
192 1223 329 1298 Rhipeus,
344 1225 397 1278 hoc
414 1222 472 1297 ipse
487 1222 604 1297 Dymas,
619 1222 768 1299 omnisque
784 1222 915 1281 iuventus

121 1304 192 1360 laeta
207 1303 296 1370 facit3
317 1302 412 1378 spoliis
427 1323 454 1358 se
470 1303 588 1380 quisque
603 1303 767 1360 recentibus
782 1320 880 1363 armat.

121 1385 247 1440 vadimus
263 1383 377 1440 inmixti
392 1383 498 1439 Danais
513 1383 588 1441 haud
603 1383 722 1441 numine
737 1399 846 1455 nostro,

121 1466 266 1540 multaque
281 1485 331 1539 per
345 1483 458 1520 caecam
473 1464 614 1538 congressi
628 1464 735 1540 proelia
750 1482 867 1523 noctem

121 1545 294 1601 conserimus
308 1569 316 1612 ;
338 1544 440 1601 multos
455 1544 589 1601 Danaum
604 1545 785 1603 demittimus
798 1547 885 1603 Orco.

61 1687 64 1694 ¹
122 1624 275 1699 diffugiunt
290 1624 336 1681 alii
353 1624 387 1680 ad
401 1644 495 1693 naves,
509 1641 538 1682 et
553 1625 635 1682 litora
649 1645 733 1682 cursu

122 1706 176 1761 fida
191 1721 292 1780 petunt
305 1729 314 1773 ;
334 1725 398 1780 pars
413 1704 562 1779 ingentem
577 1706 730 1763 formidine
745 1707 822 1783 turpi
938 1729 967 1768 400

122 1786 262 1842 scandunt
277 1806 368 1841 rursus
384 1806 500 1862 equum,
515 1803 543 1843 et
559 1803 625 1843 nota
640 1787 804 1844 conduntur
818 1787 849 1845 in
864 1787 929 1844 alvo.

163 1868 218 1922 heu
234 1865 305 1921 nihil
322 1865 418 1921 invitis
434 1866 473 1922 fas
488 1886 660 1944 quemquam
675 1867 763 1924 fidere
777 1867 869 1924 divis!

122 1967 189 2003 ecce
206 1946 367 2002 trahebatur
382 1946 466 2021 passis
482 1947 620 2004 Priameia
633 1947 713 2021 virgo

123 2027 248 2083 crinibus
263 2048 278 2082 a
293 2026 400 2102 templo
415 2027 570 2084 Cassandra
585 2027 729 2104 adytisque
746 2028 907 2097 Minervae,

124 2108 156 2163 ad
172 2108 282 2164 caelum
298 2107 417 2163 tendens
432 2107 557 2163 ardentia
572 2107 680 2164 lumina
695 2109 809 2178 frustra,

123 2188 240 2255 lumina,
257 2208 322 2243 nam
338 2203 447 2243 teneras
463 2187 595 2244 arcebant
610 2187 726 2244 vincula
741 2189 856 2263 palmas.

124 2289 180 2323 non
197 2268 262 2324 tulit
277 2270 349 2323 hanc
366 2267 489 2357 speciem
505 2268 605 2324 furiata
620 2285 717 2325 mente
732 2269 889 2336 Coroebus,

123 2365 223 2404 etsese
239 2348 387 2405 medium
381 2347 479 2404 rniecit
495 2348 634 2422 periturus
649 2348 678 2404 in
694 2368 805 2438 agmen.

124 2429 323 2518 consequimur
337 2428 435 2484 cuncti
451 2445 478 2484 et
493 2428 605 2484 densis
599 2428 771 2485 rncurrimus
785 2431 878 2487 armis.

123 2509 169 2564 hic
186 2509 309 2583 primum
325 2529 359 2564 ex
376 2509 431 2564 alto
445 2508 556 2564 delubri
572 2509 699 2565 culmine
715 2510 778 2566 telis
938 2526 965 2565 4¹⁰

124 2606 284 2645 nostrorum
300 2589 458 2657 obruimur,
472 2589 617 2666 oriturque
633 2589 790 2647 miserrima
805 2591 901 2648 caedes
939 2622 941 2627 .

124 2689 264 2724 armorum
280 2668 351 2725 facie
367 2686 394 2726 et
409 2669 559 2726 Graiarum
575 2690 666 2726 errore
682 2670 822 2729 iubarum.

125 2765 186 2803 tum
201 2749 292 2804 Danai
308 2749 415 2822 gemitu
431 2766 513 2827 atque
529 2767 640 2824 ereptae
655 2750 772 2823 virginis
787 2752 827 2808 ira

126 2829 251 2904 undique
267 2829 381 2885 collecti
397 2829 544 2899 invadunt,
559 2830 710 2887 acerrimus
725 2831 810 2901 Aiax,

126 2925 153 2964 et
167 2909 273 2981 gemini
289 2909 413 2978 Atridae,
428 2910 633 2987 Dolopumque
649 2911 790 2969 exercitus
805 2912 912 2970 omnis:

125 2989 230 3044 adversi
246 3006 329 3064 rupto
344 3009 396 3044 ceu
412 2991 554 3066 quondam
570 2990 683 3047 turbine
698 2993 776 3049 venti

126 3068 293 3142 confligunt,
310 3069 527 3145 Zephyrusque,
542 3071 704 3147 Notusque,
719 3088 748 3129 et
764 3073 852 3130 laetus
866 3072 924 3128 Eois

127 3149 216 3206 Eurus
232 3149 331 3226 equis:
353 3149 475 3205 stridunt
490 3151 585 3219 silvae,
601 3151 744 3229 saevitque
759 3153 874 3210 tridenti

405 3241 448 3303 383
468 3242 665 3290 circumtulimus.
