2002 3614
10 238 12 245 Ι
302 177 468 225 Aruernos
486 177 547 225 nm.
564 177 589 225 11

10 258 12 279 l

10 332 12 373 !
61 302 148 380 iamque
162 303 221 362 dies
236 305 356 362 infanda
370 305 464 364 aderat
478 331 486 375 3
508 306 578 363 mihi
594 328 669 366 sacra
682 310 784 384 parari,

60 398 80 439 et
91 385 163 442 salsae
178 386 281 460 fruges,
298 402 327 444 et
342 386 452 444 circum
468 402 594 463 tempora
609 388 706 446 vittae.

58 463 138 540 eripui,
152 467 250 536 fateor,
266 468 325 525 leto
340 487 397 541 me,
412 482 440 525 et
455 467 571 526 vincula
585 469 648 545 rupi
662 494 670 538 3

57 543 190 624 limosoque
206 548 271 605 lacu
286 568 337 624 per
352 564 469 606 noctem
484 549 619 606 obscurus
633 549 663 607 in
680 551 744 607 ulva

56 623 146 695 delitui,
161 627 230 686 dum
245 631 309 686 vela
324 629 434 701 darent,
451 630 473 687 si
489 632 560 688 forte
576 631 728 689 dedissent.

56 724 96 764 nec
110 708 175 766 mihi
191 709 246 767 iam
262 710 382 785 patriam
398 711 544 788 antiquam
560 731 620 787 spes
636 712 693 769 ulla
708 711 832 782 videndi,

56 805 96 844 nec
110 788 203 846 dulces
218 808 298 848 natos
314 807 538 870 exoptatumque
553 807 701 868 parentem
715 817 723 861 ;

56 887 108 943 quos
122 869 162 926 illi
177 871 232 928 fors
247 886 276 928 et
290 892 395 947 poenas
410 873 447 929 ob
462 890 557 931 nostra
571 890 721 949 reposcent

10 1012 12 1023 .
56 949 151 1024 effugia,
165 967 192 1008 et
207 952 322 1027 culpam
337 954 410 1010 hanc
428 953 594 1011 miserorum
609 970 698 1010 morte
713 953 843 1030 piabunt.
863 985 899 1022 140

56 1030 115 1104 quod
128 1048 154 1087 te
168 1052 220 1108 per
235 1053 350 1108 superos
365 1048 393 1091 et
409 1035 522 1092 conscia
537 1034 656 1091 numina
671 1033 739 1104 veri,

34 1133 37 1140 ·
56 1129 100 1183 per,
113 1111 132 1167 si
147 1133 201 1189 qua
216 1128 268 1182 est,
283 1135 354 1190 quae
371 1131 456 1172 restet
471 1115 562 1173 adhuc
579 1114 744 1172 mortalibus
761 1136 878 1193 usquam

56 1188 203 1250 intemerata
217 1193 296 1263 fides,
311 1215 367 1263 oro,
385 1195 516 1253 miserere
531 1196 659 1253 laborum

57 1285 188 1341 tantorum,
205 1274 337 1332 miserere
355 1276 442 1333 animi
459 1297 516 1333 non
532 1276 616 1351 digna
631 1276 764 1334 ferentis.’

85 1353 121 1409 his
135 1354 258 1412 lacrimis
272 1356 360 1413 vitam
377 1357 486 1426 damus,
501 1373 528 1414 et
543 1357 748 1415 miserescimus
764 1358 847 1415 ultro.

57 1429 100 1505 ipse
115 1434 168 1492 viro
181 1436 289 1511 primus
306 1437 430 1495 manicas
446 1452 529 1515 atque
545 1455 604 1496 arta
618 1438 703 1495 levari

58 1511 132 1571 vinela
144 1515 223 1574 iubet
239 1517 375 1586 Priamus,
392 1518 532 1596 dictisque
548 1518 586 1576 ita
601 1519 675 1575 fatur
689 1518 806 1593 amicis:

45 1593 160 1672 ‘quisquis
173 1616 212 1666 es,
227 1597 339 1655 amissos
356 1598 424 1655 hinc
442 1599 498 1655 iam
513 1598 679 1656 obliviscere
695 1599 816 1656 Graios:

59 1691 132 1732 noster
144 1677 218 1746 eris;
240 1678 368 1755 mihique
385 1680 455 1736 haec
472 1679 590 1737 edissere
608 1699 671 1736 vera
685 1680 803 1753 roganti.

60 1773 100 1828 quo
133 1758 236 1816 molem
277 1760 351 1816 hanc
396 1759 518 1817 inmanis
560 1759 625 1837 equi
667 1765 809 1818 statuere?
837 1760 898 1837 quis

120 1844 234 1896 auctor?
863 1869 900 1906 150

60 1915 139 1989 quidve
153 1925 276 1995 petunt?
298 1941 369 1997 quae
383 1921 482 1996 religio
497 1936 544 1979 aut
559 1941 630 1998 quae
641 1922 773 1979 machina
791 1921 858 1978 belli
871 1922 898 1979 ?'

60 1994 152 2057 dixerat.
193 2000 242 2058 ille
258 2000 329 2058 dolis
345 2001 499 2059 instructus
515 2018 544 2059 et
559 2019 615 2060 arte
632 2002 753 2076 Pelasga,

61 2080 147 2137 sustulit
162 2098 259 2138 exutas
274 2081 377 2139 vinclis
395 2083 429 2139 ad
444 2083 532 2141 sidera
546 2084 652 2158 palmas
667 2105 673 2140 :

48 2159 101 2228 ‘vos
114 2161 213 2219 aeterni
229 2161 316 2236 ignes,
333 2180 361 2220 et
378 2183 436 2221 non
453 2163 583 2221 violabile
600 2181 722 2221 vestrum

61 2251 125 2297 testor
137 2241 262 2312 numen,'
277 2243 323 2312 ait,
342 2250 410 2301 ‘vos
426 2265 486 2301 arae
502 2265 637 2323 ensesque
654 2244 778 2313 nefandi,

61 2337 111 2392 quos
123 2323 185 2398 fugi,
202 2323 346 2402 vittaeque
364 2325 459 2395 deum,
475 2346 542 2402 quas
556 2326 646 2382 hostia
661 2326 751 2400 gessi:

62 2397 89 2455 fas
99 2403 160 2461 mihi
175 2405 330 2462 Graiorum
348 2423 451 2464 sacrata
466 2407 603 2463 resolvere
619 2406 686 2472 iura,

62 2477 88 2534 fas
99 2484 176 2542 odisse
191 2486 272 2557 viros,
290 2502 373 2564 atque
392 2485 487 2550 omhia
503 2488 574 2543 ferre
590 2486 641 2543 sub
655 2507 741 2552 auras,

62 2557 76 2613 si
87 2583 129 2638 qua
141 2583 260 2642 tegunt:
284 2585 383 2625 teneor
400 2568 504 2644 patriae
520 2588 573 2622 nec
591 2567 697 2640 legibus
713 2566 786 2623 ullis.

63 2653 83 2694 111
94 2647 164 2704 modo
177 2648 319 2724 promissis
337 2668 457 2716 maneas,
475 2664 635 2724 servataque
651 2668 740 2705 serves
863 2664 899 2703 160

64 2717 127 2782 Troia
138 2728 229 2799 fidem,
246 2729 267 2786 si
285 2749 348 2785 vera
366 2729 463 2795 feram,
480 2728 501 2783 si
517 2749 618 2802 magna
632 2728 795 2802 rependam.

90 2809 164 2866 omnis
179 2832 239 2887 spes
256 2810 391 2867 Danaum
408 2824 435 2867 et
451 2809 544 2884 coepti
561 2809 664 2865 fiducia
680 2808 746 2865 belli

66 2877 153 2946 Palladis
167 2891 278 2950 auxiliis
295 2911 406 2966 semper
422 2890 507 2947 stetit.
551 2889 646 2964 inpius
661 2910 695 2944 ex
712 2910 767 2963 quo

65 2958 160 3035 Tydides
173 2974 220 3031 sed
238 2972 317 3030 enim
333 2972 531 3047 scelerumque
547 2970 679 3026 inventor
695 2969 806 3035 Ulixes,

66 3039 123 3104 fatale
135 3054 247 3130 adgressi
265 3070 376 3111 sacrato
392 3052 512 3109 avellere
528 3051 636 3126 templo

66 3118 193 3209 Palladium,
210 3135 301 3196 caesis
318 3154 444 3191 summae
460 3132 622 3188 custodibus
638 3130 716 3198 arciS,

370 3241 414 3284 142
433 3234 511 3273 restat.
