<?xml version="1.0" encoding="UTF-8"?>
<!DOCTYPE html PUBLIC "-//W3C//DTD XHTML 1.0 Transitional//EN"
    "http://www.w3.org/TR/xhtml1/DTD/xhtml1-transitional.dtd">
<html xmlns="http://www.w3.org/1999/xhtml" xml:lang="en" lang="en">
 <head>
  <title>
</title>
<meta http-equiv="Content-Type" content="text/html;charset=utf-8" />
  <meta name='ocr-system' content='tesseract 3.04.00' />
  <meta name='ocr-capabilities' content='ocr_page ocr_carea ocr_par ocr_line ocrx_word'/>
</head>
<body>
  <div class='ocr_page' id='page_1' title='image "aeneidvirgilboo00pagegoog_0099.png"; bbox 0 0 2002 3614; ppageno 0'>
   <div class='ocr_carea' id='block_1_1' title="bbox 359 186 719 238">
    <p class='ocr_par' dir='ltr' id='par_1_1' title="bbox 359 186 719 238">
     <span class='ocr_line' id='line_1_1' title="bbox 359 186 719 238; baseline 0.006 -3"><span class='ocrx_word' id='word_1_1' title='bbox 359 189 385 235; x_wconf 86' lang='lat' dir='ltr'>P.</span> <span class='ocrx_word' id='word_1_2' title='bbox 403 186 544 236; x_wconf 84' lang='lat' dir='ltr'>VERGILI</span> <span class='ocrx_word' id='word_1_3' title='bbox 562 189 719 238; x_wconf 84' lang='lat' dir='ltr'>MARONIS</span> 
     </span>
    </p>
   </div>
   <div class='ocr_carea' id='block_1_2' title="bbox 125 318 997 3297">
    <p class='ocr_par' dir='ltr' id='par_1_2' title="bbox 125 318 997 3297">
     <span class='ocr_line' id='line_1_2' title="bbox 128 318 851 379; baseline 0.007 -5"><span class='ocrx_word' id='word_1_4' title='bbox 128 333 157 375; x_wconf 92' lang='lat' dir='ltr'>et</span> <span class='ocrx_word' id='word_1_5' title='bbox 173 318 289 375; x_wconf 89' lang='lat' dir='ltr'>tandem</span> <span class='ocrx_word' id='word_1_6' title='bbox 306 319 372 376; x_wconf 92' lang='lat' dir='ltr'>laeti</span> <span class='ocrx_word' id='word_1_7' title='bbox 387 319 528 376; x_wconf 89' lang='lat' dir='ltr'>sociorum</span> <span class='ocrx_word' id='word_1_8' title='bbox 544 318 711 377; x_wconf 87' lang='lat' dir='ltr'>ulciscimur</span> <span class='ocrx_word' id='word_1_9' title='bbox 726 321 851 379; x_wconf 90' lang='lat' dir='ltr'>umbras.</span> 
     </span>
     <span class='ocr_line' id='line_1_3' title="bbox 127 398 920 476; baseline 0.006 -22"><span class='ocrx_word' id='word_1_10' title='bbox 127 398 176 455; x_wconf 89' lang='lat' dir='ltr'>sed</span> <span class='ocrx_word' id='word_1_11' title='bbox 191 399 291 473; x_wconf 88' lang='lat' dir='ltr'>fugite,</span> <span class='ocrx_word' id='word_1_12' title='bbox 307 420 324 455; x_wconf 95' lang='lat' dir='ltr'>o</span> <span class='ocrx_word' id='word_1_13' title='bbox 339 399 443 470; x_wconf 91' lang='lat' dir='ltr'>miseri,</span> <span class='ocrx_word' id='word_1_14' title='bbox 459 399 550 474; x_wconf 86' lang='lat' dir='ltr'>fugite</span> <span class='ocrx_word' id='word_1_15' title='bbox 565 414 652 476; x_wconf 87' lang='lat' dir='ltr'>atque</span> <span class='ocrx_word' id='word_1_16' title='bbox 667 401 702 457; x_wconf 88' lang='lat' dir='ltr'>ab</span> <span class='ocrx_word' id='word_1_17' title='bbox 719 399 803 459; x_wconf 90' lang='lat' dir='ltr'>litore</span> <span class='ocrx_word' id='word_1_18' title='bbox 819 402 920 460; x_wconf 89' lang='lat' dir='ltr'>funem</span> 
     </span>
     <span class='ocr_line' id='line_1_4' title="bbox 127 496 997 556; baseline 0.003 -20"><span class='ocrx_word' id='word_1_19' title='bbox 127 496 261 556; x_wconf 79' lang='lat' dir='ltr'>rumpite.</span> <span class='ocrx_word' id='word_1_20' title='bbox 951 500 997 547; x_wconf 76' lang='lat'>⁶40</span> 
     </span>
     <span class='ocr_line' id='line_1_5' title="bbox 127 560 933 638; baseline 0.006 -22"><span class='ocrx_word' id='word_1_21' title='bbox 127 581 194 617; x_wconf 93' lang='lat' dir='ltr'>nam</span> <span class='ocrx_word' id='word_1_22' title='bbox 209 560 301 637; x_wconf 90' lang='lat' dir='ltr'>qualis</span> <span class='ocrx_word' id='word_1_23' title='bbox 315 576 495 638; x_wconf 88' lang='lat' dir='ltr'>quantusque</span> <span class='ocrx_word' id='word_1_24' title='bbox 511 581 581 618; x_wconf 86' lang='lat' dir='ltr'>cavo</span> <span class='ocrx_word' id='word_1_25' title='bbox 597 561 791 636; x_wconf 86' lang='lat' dir='ltr'>Polyphemus</span> <span class='ocrx_word' id='word_1_26' title='bbox 805 561 836 618; x_wconf 90' lang='lat' dir='ltr'>in</span> <span class='ocrx_word' id='word_1_27' title='bbox 853 578 933 620; x_wconf 89' lang='lat' dir='ltr'>antro</span> 
     </span>
     <span class='ocr_line' id='line_1_6' title="bbox 127 640 867 718; baseline 0.004 -21"><span class='ocrx_word' id='word_1_28' title='bbox 127 641 265 715; x_wconf 86' lang='lat' dir='ltr'>lanigeras</span> <span class='ocrx_word' id='word_1_29' title='bbox 281 640 390 698; x_wconf 89' lang='lat' dir='ltr'>claudit</span> <span class='ocrx_word' id='word_1_30' title='bbox 405 641 531 718; x_wconf 88' lang='lat' dir='ltr'>pecudes</span> <span class='ocrx_word' id='word_1_31' title='bbox 547 657 632 718; x_wconf 89' lang='lat' dir='ltr'>atque</span> <span class='ocrx_word' id='word_1_32' title='bbox 649 642 734 698; x_wconf 90' lang='lat' dir='ltr'>ubera</span> <span class='ocrx_word' id='word_1_33' title='bbox 749 659 867 718; x_wconf 88' lang='lat' dir='ltr'>pressat,</span> 
     </span>
     <span class='ocr_line' id='line_1_7' title="bbox 126 720 894 798; baseline 0.004 -20"><span class='ocrx_word' id='word_1_34' title='bbox 126 738 245 778; x_wconf 90' lang='lat' dir='ltr'>centum</span> <span class='ocrx_word' id='word_1_35' title='bbox 261 720 308 778; x_wconf 91' lang='lat' dir='ltr'>alii</span> <span class='ocrx_word' id='word_1_36' title='bbox 325 742 411 778; x_wconf 91' lang='lat' dir='ltr'>curva</span> <span class='ocrx_word' id='word_1_37' title='bbox 425 724 495 780; x_wconf 91' lang='lat' dir='ltr'>haec</span> <span class='ocrx_word' id='word_1_38' title='bbox 511 721 643 778; x_wconf 92' lang='lat' dir='ltr'>habitant</span> <span class='ocrx_word' id='word_1_39' title='bbox 658 721 694 778; x_wconf 92' lang='lat' dir='ltr'>ad</span> <span class='ocrx_word' id='word_1_40' title='bbox 709 721 792 779; x_wconf 91' lang='lat' dir='ltr'>litora</span> <span class='ocrx_word' id='word_1_41' title='bbox 806 725 894 798; x_wconf 88' lang='lat' dir='ltr'>vulgo</span> 
     </span>
     <span class='ocr_line' id='line_1_8' title="bbox 126 802 812 878; baseline 0.004 -20"><span class='ocrx_word' id='word_1_42' title='bbox 126 802 237 859; x_wconf 89' lang='lat' dir='ltr'>infandi</span> <span class='ocrx_word' id='word_1_43' title='bbox 254 802 407 878; x_wconf 90' lang='lat' dir='ltr'>Cyclopes,</span> <span class='ocrx_word' id='word_1_44' title='bbox 425 819 453 859; x_wconf 90' lang='lat' dir='ltr'>et</span> <span class='ocrx_word' id='word_1_45' title='bbox 468 802 531 860; x_wconf 92' lang='lat' dir='ltr'>altis</span> <span class='ocrx_word' id='word_1_46' title='bbox 546 803 692 859; x_wconf 89' lang='lat' dir='ltr'>montibus</span> <span class='ocrx_word' id='word_1_47' title='bbox 707 819 812 861; x_wconf 86' lang='lat' dir='ltr'>errant.</span> 
     </span>
     <span class='ocr_line' id='line_1_9' title="bbox 126 882 850 960; baseline 0.001 -20"><span class='ocrx_word' id='word_1_48' title='bbox 126 883 209 940; x_wconf 91' lang='lat' dir='ltr'>tertia</span> <span class='ocrx_word' id='word_1_49' title='bbox 223 883 280 939; x_wconf 88' lang='lat' dir='ltr'>iam</span> <span class='ocrx_word' id='word_1_50' title='bbox 296 882 380 940; x_wconf 90' lang='lat' dir='ltr'>lunae</span> <span class='ocrx_word' id='word_1_51' title='bbox 396 903 424 940; x_wconf 89' lang='lat' dir='ltr'>se</span> <span class='ocrx_word' id='word_1_52' title='bbox 441 902 547 939; x_wconf 90' lang='lat' dir='ltr'>cornua</span> <span class='ocrx_word' id='word_1_53' title='bbox 562 882 672 940; x_wconf 91' lang='lat' dir='ltr'>lumine</span> <span class='ocrx_word' id='word_1_54' title='bbox 688 885 850 960; x_wconf 82' lang='lat' dir='ltr'>complent,</span> 
     </span>
     <span class='ocr_line' id='line_1_10' title="bbox 126 962 788 1021; baseline 0.002 -1"><span class='ocrx_word' id='word_1_55' title='bbox 126 984 192 1020; x_wconf 85' lang='lat' dir='ltr'>cunr</span> <span class='ocrx_word' id='word_1_56' title='bbox 207 963 295 1020; x_wconf 91' lang='lat' dir='ltr'>vitam</span> <span class='ocrx_word' id='word_1_57' title='bbox 310 963 340 1018; x_wconf 92' lang='lat' dir='ltr'>in</span> <span class='ocrx_word' id='word_1_58' title='bbox 356 962 434 1020; x_wconf 90' lang='lat' dir='ltr'>silvis</span> <span class='ocrx_word' id='word_1_59' title='bbox 448 963 524 1020; x_wconf 91' lang='lat' dir='ltr'>inter</span> <span class='ocrx_word' id='word_1_60' title='bbox 539 963 648 1020; x_wconf 91' lang='lat' dir='ltr'>deserta</span> <span class='ocrx_word' id='word_1_61' title='bbox 663 963 788 1021; x_wconf 87' lang='lat' dir='ltr'>ferarum</span> 
     </span>
     <span class='ocr_line' id='line_1_11' title="bbox 126 1043 951 1122; baseline 0.002 -22"><span class='ocrx_word' id='word_1_62' title='bbox 126 1044 214 1100; x_wconf 92' lang='lat' dir='ltr'>lustra</span> <span class='ocrx_word' id='word_1_63' title='bbox 229 1044 385 1120; x_wconf 91' lang='lat' dir='ltr'>domosque</span> <span class='ocrx_word' id='word_1_64' title='bbox 401 1045 491 1114; x_wconf 90' lang='lat' dir='ltr'>traho,</span> <span class='ocrx_word' id='word_1_65' title='bbox 508 1059 656 1121; x_wconf 88' lang='lat' dir='ltr'>vastosque</span> <span class='ocrx_word' id='word_1_66' title='bbox 671 1043 706 1100; x_wconf 88' lang='lat' dir='ltr'>ab</span> <span class='ocrx_word' id='word_1_67' title='bbox 722 1065 792 1120; x_wconf 90' lang='lat' dir='ltr'>rupe</span> <span class='ocrx_word' id='word_1_68' title='bbox 810 1045 951 1122; x_wconf 86' lang='lat' dir='ltr'>Cyclopas</span> 
     </span>
     <span class='ocr_line' id='line_1_12' title="bbox 126 1124 927 1202; baseline 0.005 -22"><span class='ocrx_word' id='word_1_69' title='bbox 126 1124 267 1200; x_wconf 87' lang='lat' dir='ltr'>prospicio</span> <span class='ocrx_word' id='word_1_70' title='bbox 283 1124 464 1202; x_wconf 90' lang='lat' dir='ltr'>sonitumque</span> <span class='ocrx_word' id='word_1_71' title='bbox 479 1124 587 1200; x_wconf 91' lang='lat' dir='ltr'>pedum</span> <span class='ocrx_word' id='word_1_72' title='bbox 602 1144 761 1201; x_wconf 90' lang='lat' dir='ltr'>vocemque</span> <span class='ocrx_word' id='word_1_73' title='bbox 777 1140 927 1185; x_wconf 77' lang='lat' dir='ltr'>tremesco</span> 
     </span>
     <span class='ocr_line' id='line_1_13' title="bbox 125 1203 820 1282; baseline 0.001 -21"><span class='ocrx_word' id='word_1_74' title='bbox 125 1204 236 1262; x_wconf 87' lang='lat' dir='ltr'>victum</span> <span class='ocrx_word' id='word_1_75' title='bbox 251 1204 410 1275; x_wconf 73' lang='lat' dir='ltr'>infelicem,</span> <span class='ocrx_word' id='word_1_76' title='bbox 426 1205 508 1261; x_wconf 90' lang='lat' dir='ltr'>bacas</span> <span class='ocrx_word' id='word_1_77' title='bbox 525 1203 708 1282; x_wconf 85' lang='lat' dir='ltr'>lapidosaque</span> <span class='ocrx_word' id='word_1_78' title='bbox 723 1224 820 1276; x_wconf 90' lang='lat' dir='ltr'>corna,</span> 
     </span>
     <span class='ocr_line' id='line_1_14' title="bbox 126 1284 983 1360; baseline 0 -19"><span class='ocrx_word' id='word_1_79' title='bbox 126 1285 196 1341; x_wconf 92' lang='lat' dir='ltr'>dant</span> <span class='ocrx_word' id='word_1_80' title='bbox 211 1285 291 1355; x_wconf 88' lang='lat' dir='ltr'>rami,</span> <span class='ocrx_word' id='word_1_81' title='bbox 308 1301 336 1342; x_wconf 90' lang='lat' dir='ltr'>et</span> <span class='ocrx_word' id='word_1_82' title='bbox 350 1284 438 1341; x_wconf 87' lang='lat' dir='ltr'>vulsis</span> <span class='ocrx_word' id='word_1_83' title='bbox 453 1300 574 1360; x_wconf 88' lang='lat' dir='ltr'>pascunt</span> <span class='ocrx_word' id='word_1_84' title='bbox 588 1284 730 1342; x_wconf 82' lang='lat' dir='ltr'>radicibus</span> <span class='ocrx_word' id='word_1_85' title='bbox 744 1286 861 1344; x_wconf 85' lang='lat' dir='ltr'>herbae.</span> <span class='ocrx_word' id='word_1_86' title='bbox 950 1305 983 1352; x_wconf 81' lang='lat'>650</span> 
     </span>
     <span class='ocr_line' id='line_1_15' title="bbox 126 1358 926 1441; baseline 0.004 -19"><span class='ocrx_word' id='word_1_87' title='bbox 126 1365 222 1422; x_wconf 93' lang='lat' dir='ltr'>omnia</span> <span class='ocrx_word' id='word_1_88' title='bbox 236 1366 406 1430; x_wconf 85' lang='lat' dir='ltr'>collustrans</span> <span class='ocrx_word' id='word_1_89' title='bbox 419 1367 495 1422; x_wconf 89' lang='lat' dir='ltr'>hanc</span> <span class='ocrx_word' id='word_1_90' title='bbox 511 1364 637 1441; x_wconf 90' lang='lat' dir='ltr'>primum</span> <span class='ocrx_word' id='word_1_91' title='bbox 653 1364 688 1422; x_wconf 92' lang='lat' dir='ltr'>ad</span> <span class='ocrx_word' id='word_1_92' title='bbox 704 1365 788 1422; x_wconf 90' lang='lat' dir='ltr'>litora</span> <span class='ocrx_word' id='word_1_93' title='bbox 804 1358 926 1425; x_wconf 73' lang='lat' dir='ltr'>clasiem</span> 
     </span>
     <span class='ocr_line' id='line_1_16' title="bbox 126 1445 973 1524; baseline 0.002 -22"><span class='ocrx_word' id='word_1_94' title='bbox 126 1445 263 1522; x_wconf 84' lang='lat' dir='ltr'>conspexi</span> <span class='ocrx_word' id='word_1_95' title='bbox 279 1445 456 1503; x_wconf 89' lang='lat' dir='ltr'>venientem.</span> <span class='ocrx_word' id='word_1_96' title='bbox 498 1445 566 1503; x_wconf 89' lang='lat' dir='ltr'>huic</span> <span class='ocrx_word' id='word_1_97' title='bbox 582 1465 638 1516; x_wconf 89' lang='lat' dir='ltr'>me,</span> <span class='ocrx_word' id='word_1_98' title='bbox 654 1466 855 1524; x_wconf 90' lang='lat' dir='ltr'>quaecumque</span> <span class='ocrx_word' id='word_1_99' title='bbox 871 1447 973 1517; x_wconf 90' lang='lat' dir='ltr'>fuisset,</span> 
     </span>
     <span class='ocr_line' id='line_1_17' title="bbox 126 1526 845 1601; baseline 0.003 -18"><span class='ocrx_word' id='word_1_100' title='bbox 126 1527 222 1583; x_wconf 87' lang='lat' dir='ltr'>addixi</span> <span class='ocrx_word' id='word_1_101' title='bbox 237 1549 244 1583; x_wconf 74' lang='grc' dir='ltr'>ε</span> <span class='ocrx_word' id='word_1_102' title='bbox 266 1526 330 1584; x_wconf 88' lang='lat' dir='ltr'>satis</span> <span class='ocrx_word' id='word_1_103' title='bbox 345 1542 387 1584; x_wconf 88' lang='lat' dir='ltr'>est</span> <span class='ocrx_word' id='word_1_104' title='bbox 400 1541 518 1601; x_wconf 86' lang='lat' dir='ltr'>gentem</span> <span class='ocrx_word' id='word_1_105' title='bbox 534 1526 663 1601; x_wconf 87' lang='lat' dir='ltr'>effugisse</span> <span class='ocrx_word' id='word_1_106' title='bbox 678 1527 845 1586; x_wconf 87' lang='lat' dir='ltr'>nefandam.</span> 
     </span>
     <span class='ocr_line' id='line_1_18' title="bbox 126 1606 962 1683; baseline 0.004 -20"><span class='ocrx_word' id='word_1_107' title='bbox 126 1628 176 1663; x_wconf 92' lang='lat' dir='ltr'>vos</span> <span class='ocrx_word' id='word_1_108' title='bbox 190 1607 316 1664; x_wconf 90' lang='lat' dir='ltr'>animam</span> <span class='ocrx_word' id='word_1_109' title='bbox 330 1608 405 1663; x_wconf 91' lang='lat' dir='ltr'>hanc</span> <span class='ocrx_word' id='word_1_110' title='bbox 420 1606 515 1683; x_wconf 90' lang='lat' dir='ltr'>potius</span> <span class='ocrx_word' id='word_1_111' title='bbox 530 1627 713 1683; x_wconf 87' lang='lat' dir='ltr'>quocumque</span> <span class='ocrx_word' id='word_1_112' title='bbox 728 1607 872 1666; x_wconf 88' lang='lat' dir='ltr'>absumite</span> <span class='ocrx_word' id='word_1_113' title='bbox 887 1608 962 1666; x_wconf 81' lang='lat' dir='ltr'>letu’</span> 
     </span>
     <span class='ocr_line' id='line_1_19' title="bbox 166 1688 905 1757; baseline 0.004 -14"><span class='ocrx_word' id='word_1_114' title='bbox 166 1688 213 1744; x_wconf 84' lang='lat' dir='ltr'>vix</span> <span class='ocrx_word' id='word_1_115' title='bbox 229 1708 261 1744; x_wconf 90' lang='lat' dir='ltr'>ea</span> <span class='ocrx_word' id='word_1_116' title='bbox 276 1688 348 1744; x_wconf 92' lang='lat' dir='ltr'>fatus</span> <span class='ocrx_word' id='word_1_117' title='bbox 365 1702 433 1757; x_wconf 89' lang='lat' dir='ltr'>erat,</span> <span class='ocrx_word' id='word_1_118' title='bbox 449 1706 561 1744; x_wconf 91' lang='lat' dir='ltr'>summo</span> <span class='ocrx_word' id='word_1_119' title='bbox 576 1707 643 1744; x_wconf 91' lang='lat' dir='ltr'>cum</span> <span class='ocrx_word' id='word_1_120' title='bbox 658 1703 757 1745; x_wconf 92' lang='lat' dir='ltr'>monte</span> <span class='ocrx_word' id='word_1_121' title='bbox 772 1688 905 1746; x_wconf 92' lang='lat' dir='ltr'>videmus</span> 
     </span>
     <span class='ocr_line' id='line_1_20' title="bbox 127 1767 863 1845; baseline 0.001 -20"><span class='ocrx_word' id='word_1_122' title='bbox 127 1769 219 1845; x_wconf 91' lang='lat' dir='ltr'>ipsum</span> <span class='ocrx_word' id='word_1_123' title='bbox 235 1768 310 1824; x_wconf 92' lang='lat' dir='ltr'>inter</span> <span class='ocrx_word' id='word_1_124' title='bbox 324 1767 451 1844; x_wconf 91' lang='lat' dir='ltr'>pecudes</span> <span class='ocrx_word' id='word_1_125' title='bbox 466 1783 542 1824; x_wconf 88' lang='lat' dir='ltr'>vasta</span> <span class='ocrx_word' id='word_1_126' title='bbox 558 1787 587 1824; x_wconf 90' lang='lat' dir='ltr'>se</span> <span class='ocrx_word' id='word_1_127' title='bbox 602 1768 679 1825; x_wconf 92' lang='lat' dir='ltr'>mole</span> <span class='ocrx_word' id='word_1_128' title='bbox 694 1784 863 1826; x_wconf 89' lang='lat' dir='ltr'>moventem</span> 
     </span>
     <span class='ocr_line' id='line_1_21' title="bbox 128 1847 905 1925; baseline 0.003 -20"><span class='ocrx_word' id='word_1_129' title='bbox 128 1865 266 1925; x_wconf 89' lang='lat' dir='ltr'>pastorem</span> <span class='ocrx_word' id='word_1_130' title='bbox 283 1849 503 1924; x_wconf 88' lang='lat' dir='ltr'>Polyphemum,</span> <span class='ocrx_word' id='word_1_131' title='bbox 521 1864 549 1905; x_wconf 93' lang='lat' dir='ltr'>et</span> <span class='ocrx_word' id='word_1_132' title='bbox 564 1847 729 1918; x_wconf 71' lang='lat' dir='ltr'>litora&#39;nota</span> <span class='ocrx_word' id='word_1_133' title='bbox 745 1865 905 1924; x_wconf 87' lang='lat' dir='ltr'>petentem,</span> 
     </span>
     <span class='ocr_line' id='line_1_22' title="bbox 127 1928 982 2003; baseline 0 -18"><span class='ocrx_word' id='word_1_134' title='bbox 127 1945 286 1986; x_wconf 90' lang='lat' dir='ltr'>monstrum</span> <span class='ocrx_word' id='word_1_135' title='bbox 313 1928 499 1998; x_wconf 91' lang='lat' dir='ltr'>horrendum,</span> <span class='ocrx_word' id='word_1_136' title='bbox 521 1928 654 1999; x_wconf 90' lang='lat' dir='ltr'>informe,</span> <span class='ocrx_word' id='word_1_137' title='bbox 676 1928 786 2003; x_wconf 88' lang='lat' dir='ltr'>ingens,</span> <span class='ocrx_word' id='word_1_138' title='bbox 812 1930 859 1987; x_wconf 92' lang='lat' dir='ltr'>cui</span> <span class='ocrx_word' id='word_1_139' title='bbox 890 1931 982 1987; x_wconf 92' lang='lat' dir='ltr'>lumen</span> 
     </span>
     <span class='ocr_line' id='line_1_23' title="bbox 207 2010 382 2085; baseline -0.006 -19"><span class='ocrx_word' id='word_1_140' title='bbox 207 2010 382 2085; x_wconf 90' lang='lat' dir='ltr'>ademptum.</span> 
     </span>
     <span class='ocr_line' id='line_1_24' title="bbox 128 2089 817 2165; baseline -0.003 -17"><span class='ocrx_word' id='word_1_141' title='bbox 128 2108 227 2148; x_wconf 89' lang='lat' dir='ltr'>trunca</span> <span class='ocrx_word' id='word_1_142' title='bbox 243 2110 328 2147; x_wconf 89' lang='lat' dir='ltr'>manu</span> <span class='ocrx_word' id='word_1_143' title='bbox 345 2089 428 2165; x_wconf 92' lang='lat' dir='ltr'>pinus</span> <span class='ocrx_word' id='word_1_144' title='bbox 443 2089 515 2163; x_wconf 88' lang='lat' dir='ltr'>regit</span> <span class='ocrx_word' id='word_1_145' title='bbox 531 2105 559 2146; x_wconf 87' lang='lat' dir='ltr'>et</span> <span class='ocrx_word' id='word_1_146' title='bbox 574 2089 690 2164; x_wconf 86' lang='lat' dir='ltr'>vestigia</span> <span class='ocrx_word' id='word_1_147' title='bbox 705 2089 817 2161; x_wconf 88' lang='lat' dir='ltr'>firmat;</span> 
     </span>
     <span class='ocr_line' id='line_1_25' title="bbox 128 2170 985 2247; baseline -0.002 -19"><span class='ocrx_word' id='word_1_148' title='bbox 128 2172 270 2245; x_wconf 86' lang='lat' dir='ltr'>lanigerae</span> <span class='ocrx_word' id='word_1_149' title='bbox 286 2170 461 2227; x_wconf 90' lang='lat' dir='ltr'>comitantur</span> <span class='ocrx_word' id='word_1_150' title='bbox 476 2190 541 2226; x_wconf 89' lang='lat' dir='ltr'>oves</span> <span class='ocrx_word' id='word_1_151' title='bbox 555 2195 563 2239; x_wconf 92' lang='lat'>;</span> <span class='ocrx_word' id='word_1_152' title='bbox 586 2191 617 2226; x_wconf 92' lang='lat' dir='ltr'>ea</span> <span class='ocrx_word' id='word_1_153' title='bbox 631 2171 689 2226; x_wconf 90' lang='lat' dir='ltr'>sola</span> <span class='ocrx_word' id='word_1_154' title='bbox 705 2172 836 2247; x_wconf 88' lang='lat' dir='ltr'>voluptas</span> <span class='ocrx_word' id='word_1_155' title='bbox 951 2188 985 2226; x_wconf 80' lang='lat'>660</span> 
     </span>
     <span class='ocr_line' id='line_1_26' title="bbox 128 2251 403 2329; baseline 0 -21"><span class='ocrx_word' id='word_1_156' title='bbox 128 2253 310 2329; x_wconf 87' lang='lat' dir='ltr'>solamenque</span> <span class='ocrx_word' id='word_1_157' title='bbox 326 2251 403 2308; x_wconf 89' lang='lat' dir='ltr'>mali.</span> 
     </span>
     <span class='ocr_line' id='line_1_27' title="bbox 128 2330 927 2408; baseline 0 -20"><span class='ocrx_word' id='word_1_158' title='bbox 128 2350 276 2408; x_wconf 87' lang='lat' dir='ltr'>postquam</span> <span class='ocrx_word' id='word_1_159' title='bbox 292 2333 363 2388; x_wconf 87' lang='lat' dir='ltr'>altos</span> <span class='ocrx_word' id='word_1_160' title='bbox 379 2331 472 2405; x_wconf 89' lang='lat' dir='ltr'>tetigit</span> <span class='ocrx_word' id='word_1_161' title='bbox 488 2330 589 2387; x_wconf 88' lang='lat' dir='ltr'>fluctus</span> <span class='ocrx_word' id='word_1_162' title='bbox 606 2347 635 2388; x_wconf 92' lang='lat' dir='ltr'>et</span> <span class='ocrx_word' id='word_1_163' title='bbox 650 2331 684 2387; x_wconf 95' lang='lat' dir='ltr'>ad</span> <span class='ocrx_word' id='word_1_164' title='bbox 700 2352 822 2407; x_wconf 88' lang='lat' dir='ltr'>aequora</span> <span class='ocrx_word' id='word_1_165' title='bbox 837 2332 927 2401; x_wconf 86' lang='lat' dir='ltr'>venit,</span> 
     </span>
     <span class='ocr_line' id='line_1_28' title="bbox 128 2411 800 2468; baseline 0 0"><span class='ocrx_word' id='word_1_166' title='bbox 128 2413 246 2468; x_wconf 91' lang='lat' dir='ltr'>luminis</span> <span class='ocrx_word' id='word_1_167' title='bbox 261 2412 352 2468; x_wconf 88' lang='lat' dir='ltr'>effossi</span> <span class='ocrx_word' id='word_1_168' title='bbox 368 2411 490 2468; x_wconf 85' lang='lat' dir='ltr'>fluidum</span> <span class='ocrx_word' id='word_1_169' title='bbox 507 2412 574 2468; x_wconf 89' lang='lat' dir='ltr'>lavit</span> <span class='ocrx_word' id='word_1_170' title='bbox 588 2411 655 2468; x_wconf 92' lang='lat' dir='ltr'>inde</span> <span class='ocrx_word' id='word_1_171' title='bbox 671 2432 800 2468; x_wconf 90' lang='lat' dir='ltr'>cruorem</span> 
     </span>
     <span class='ocr_line' id='line_1_29' title="bbox 128 2492 955 2570; baseline -0.001 -21"><span class='ocrx_word' id='word_1_172' title='bbox 128 2493 260 2549; x_wconf 87' lang='lat' dir='ltr'>dentibus</span> <span class='ocrx_word' id='word_1_173' title='bbox 273 2493 441 2549; x_wconf 87' lang='lat' dir='ltr'>infrendens</span> <span class='ocrx_word' id='word_1_174' title='bbox 456 2492 574 2566; x_wconf 86' lang='lat' dir='ltr'>gemitu,</span> <span class='ocrx_word' id='word_1_175' title='bbox 589 2492 770 2567; x_wconf 86' lang='lat' dir='ltr'>graditurque</span> <span class='ocrx_word' id='word_1_176' title='bbox 785 2513 836 2568; x_wconf 88' lang='lat' dir='ltr'>per</span> <span class='ocrx_word' id='word_1_177' title='bbox 852 2513 955 2570; x_wconf 87' lang='lat' dir='ltr'>aequor</span> 
     </span>
     <span class='ocr_line' id='line_1_30' title="bbox 128 2571 916 2642; baseline 0.001 -13"><span class='ocrx_word' id='word_1_178' title='bbox 128 2575 184 2629; x_wconf 90' lang='lat' dir='ltr'>iam</span> <span class='ocrx_word' id='word_1_179' title='bbox 200 2574 337 2642; x_wconf 90' lang='lat' dir='ltr'>medium,</span> <span class='ocrx_word' id='word_1_180' title='bbox 354 2574 479 2629; x_wconf 91' lang='lat' dir='ltr'>necdum</span> <span class='ocrx_word' id='word_1_181' title='bbox 494 2571 597 2628; x_wconf 85' lang='lat' dir='ltr'>fluctus</span> <span class='ocrx_word' id='word_1_182' title='bbox 613 2573 701 2629; x_wconf 92' lang='lat' dir='ltr'>latera</span> <span class='ocrx_word' id='word_1_183' title='bbox 716 2572 802 2629; x_wconf 92' lang='lat' dir='ltr'>ardua</span> <span class='ocrx_word' id='word_1_184' title='bbox 819 2573 916 2630; x_wconf 81' lang='lat' dir='ltr'>tinxit.</span> 
     </span>
     <span class='ocr_line' id='line_1_31' title="bbox 129 2653 882 2730; baseline 0.001 -21"><span class='ocrx_word' id='word_1_185' title='bbox 129 2675 178 2709; x_wconf 92' lang='lat' dir='ltr'>nos</span> <span class='ocrx_word' id='word_1_186' title='bbox 194 2654 293 2729; x_wconf 91' lang='lat' dir='ltr'>procul</span> <span class='ocrx_word' id='word_1_187' title='bbox 309 2653 376 2709; x_wconf 93' lang='lat' dir='ltr'>inde</span> <span class='ocrx_word' id='word_1_188' title='bbox 393 2653 489 2726; x_wconf 87' lang='lat' dir='ltr'>fugam</span> <span class='ocrx_word' id='word_1_189' title='bbox 505 2653 608 2728; x_wconf 89' lang='lat' dir='ltr'>trepidi</span> <span class='ocrx_word' id='word_1_190' title='bbox 625 2653 748 2709; x_wconf 88' lang='lat' dir='ltr'>celerare</span> <span class='ocrx_word' id='word_1_191' title='bbox 763 2669 882 2730; x_wconf 89' lang='lat' dir='ltr'>recepto</span> 
     </span>
     <span class='ocr_line' id='line_1_32' title="bbox 128 2732 868 2809; baseline 0 -20"><span class='ocrx_word' id='word_1_192' title='bbox 128 2734 258 2809; x_wconf 90' lang='lat' dir='ltr'>supplice</span> <span class='ocrx_word' id='word_1_193' title='bbox 274 2734 312 2790; x_wconf 89' lang='lat' dir='ltr'>sie</span> <span class='ocrx_word' id='word_1_194' title='bbox 329 2734 441 2803; x_wconf 91' lang='lat' dir='ltr'>merito,</span> <span class='ocrx_word' id='word_1_195' title='bbox 458 2733 595 2809; x_wconf 90' lang='lat' dir='ltr'>tacitique</span> <span class='ocrx_word' id='word_1_196' title='bbox 611 2732 740 2789; x_wconf 91' lang='lat' dir='ltr'>incidere</span> <span class='ocrx_word' id='word_1_197' title='bbox 755 2732 868 2803; x_wconf 91' lang='lat' dir='ltr'>funem,</span> 
     </span>
     <span class='ocr_line' id='line_1_33' title="bbox 128 2813 844 2889; baseline 0.004 -21"><span class='ocrx_word' id='word_1_198' title='bbox 128 2814 264 2869; x_wconf 90' lang='lat' dir='ltr'>verrimus</span> <span class='ocrx_word' id='word_1_199' title='bbox 281 2830 309 2871; x_wconf 88' lang='lat' dir='ltr'>et</span> <span class='ocrx_word' id='word_1_200' title='bbox 323 2813 406 2889; x_wconf 90' lang='lat' dir='ltr'>proni</span> <span class='ocrx_word' id='word_1_201' title='bbox 423 2813 599 2870; x_wconf 88' lang='lat' dir='ltr'>certantibus</span> <span class='ocrx_word' id='word_1_202' title='bbox 612 2833 734 2889; x_wconf 89' lang='lat' dir='ltr'>aequora</span> <span class='ocrx_word' id='word_1_203' title='bbox 749 2813 844 2871; x_wconf 85' lang='lat' dir='ltr'>remis.</span> 
     </span>
     <span class='ocr_line' id='line_1_34' title="bbox 129 2892 791 2971; baseline 0.002 -22"><span class='ocrx_word' id='word_1_204' title='bbox 129 2893 224 2963; x_wconf 92' lang='lat' dir='ltr'>sensit,</span> <span class='ocrx_word' id='word_1_205' title='bbox 241 2894 320 2951; x_wconf 90' lang='lat' dir='ltr'>etad</span> <span class='ocrx_word' id='word_1_206' title='bbox 336 2894 462 2950; x_wconf 90' lang='lat' dir='ltr'>sonitum</span> <span class='ocrx_word' id='word_1_207' title='bbox 477 2893 554 2971; x_wconf 82' lang='lat' dir='ltr'>vocis</span> <span class='ocrx_word' id='word_1_208' title='bbox 563 2893 685 2968; x_wconf 42' lang='lat' dir='ltr'>,uestigia</span> <span class='ocrx_word' id='word_1_209' title='bbox 702 2892 791 2950; x_wconf 91' lang='lat' dir='ltr'>torsit.</span> 
     </span>
     <span class='ocr_line' id='line_1_35' title="bbox 128 2973 985 3050; baseline -0.004 -20"><span class='ocrx_word' id='word_1_210' title='bbox 128 2995 227 3030; x_wconf 88' lang='lat' dir='ltr'>verum</span> <span class='ocrx_word' id='word_1_211' title='bbox 244 2975 291 3030; x_wconf 92' lang='lat' dir='ltr'>ubi</span> <span class='ocrx_word' id='word_1_212' title='bbox 308 2976 388 3030; x_wconf 89' lang='lat' dir='ltr'>nulla</span> <span class='ocrx_word' id='word_1_213' title='bbox 404 2975 487 3029; x_wconf 91' lang='lat' dir='ltr'>datur</span> <span class='ocrx_word' id='word_1_214' title='bbox 502 2974 601 3030; x_wconf 84' lang='lat' dir='ltr'>dextra</span> <span class='ocrx_word' id='word_1_215' title='bbox 617 2973 761 3030; x_wconf 90' lang='lat' dir='ltr'>adfectare</span> <span class='ocrx_word' id='word_1_216' title='bbox 776 2989 912 3050; x_wconf 91' lang='lat' dir='ltr'>potestas,</span> <span class='ocrx_word' id='word_1_217' title='bbox 952 2991 985 3038; x_wconf 79' lang='lat'>⁶70</span> 
     </span>
     <span class='ocr_line' id='line_1_36' title="bbox 130 3053 810 3130; baseline -0.001 -20"><span class='ocrx_word' id='word_1_218' title='bbox 130 3075 183 3110; x_wconf 89' lang='lat' dir='ltr'>nec</span> <span class='ocrx_word' id='word_1_219' title='bbox 199 3053 272 3130; x_wconf 90' lang='lat' dir='ltr'>potis</span> <span class='ocrx_word' id='word_1_220' title='bbox 288 3054 384 3110; x_wconf 92' lang='lat' dir='ltr'>Ionios</span> <span class='ocrx_word' id='word_1_221' title='bbox 400 3053 502 3110; x_wconf 87' lang='lat' dir='ltr'>fluetus</span> <span class='ocrx_word' id='word_1_222' title='bbox 518 3074 638 3130; x_wconf 88' lang='lat' dir='ltr'>aequare</span> <span class='ocrx_word' id='word_1_223' title='bbox 654 3053 810 3129; x_wconf 90' lang='lat' dir='ltr'>sequendo,</span> 
     </span>
     <span class='ocr_line' id='line_1_37' title="bbox 130 3133 918 3210; baseline 0.003 -20"><span class='ocrx_word' id='word_1_224' title='bbox 130 3136 284 3190; x_wconf 87' lang='lat' dir='ltr'>clamorem</span> <span class='ocrx_word' id='word_1_225' title='bbox 300 3133 462 3190; x_wconf 90' lang='lat' dir='ltr'>inmensum</span> <span class='ocrx_word' id='word_1_226' title='bbox 479 3135 565 3204; x_wconf 92' lang='lat' dir='ltr'>tollit,</span> <span class='ocrx_word' id='word_1_227' title='bbox 581 3154 638 3210; x_wconf 92' lang='lat' dir='ltr'>quo</span> <span class='ocrx_word' id='word_1_228' title='bbox 652 3149 757 3210; x_wconf 93' lang='lat' dir='ltr'>pontus</span> <span class='ocrx_word' id='word_1_229' title='bbox 774 3150 802 3189; x_wconf 92' lang='lat' dir='ltr'>et</span> <span class='ocrx_word' id='word_1_230' title='bbox 818 3155 918 3192; x_wconf 86' lang='lat' dir='ltr'>omnes</span> 
     </span>
     <span class='ocr_line' id='line_1_38' title="bbox 156 3225 993 3297; baseline 0.004 -28"><span class='ocrx_word' id='word_1_231' title='bbox 156 3226 201 3285; x_wconf 78' lang='lat'>659</span> <span class='ocrx_word' id='word_1_232' title='bbox 219 3240 322 3271; x_wconf 83' lang='lat' dir='ltr'>manum.</span> <span class='ocrx_word' id='word_1_233' title='bbox 358 3225 402 3285; x_wconf 82' lang='lat'>665</span> <span class='ocrx_word' id='word_1_234' title='bbox 422 3225 500 3271; x_wconf 82' lang='lat' dir='ltr'>fluctu.</span> <span class='ocrx_word' id='word_1_235' title='bbox 536 3226 581 3270; x_wconf 81' lang='lat'>668</span> <span class='ocrx_word' id='word_1_236' title='bbox 600 3226 718 3271; x_wconf 87' lang='lat' dir='ltr'>vertimus.</span> <span class='ocrx_word' id='word_1_237' title='bbox 753 3226 801 3283; x_wconf 85' lang='lat'>670</span> <span class='ocrx_word' id='word_1_238' title='bbox 819 3228 930 3272; x_wconf 85' lang='lat' dir='ltr'>dextram.</span> <span class='ocrx_word' id='word_1_239' title='bbox 990 3290 993 3297; x_wconf 92' lang='lat'>.</span> 
     </span>
    </p>
   </div>
   <div class='ocr_carea' id='block_1_3' title="bbox 0 0 1007 3614">
    <p class='ocr_par' dir='ltr' id='par_1_3' title="bbox 0 0 1007 3614">
     <span class='ocr_line' id='line_1_39' title="bbox 0 0 1007 3614; baseline 0 0"><span class='ocrx_word' id='word_1_240' title='bbox 0 0 1007 3614; x_wconf 95' lang='lat' dir='ltr'> </span> 
     </span>
    </p>
   </div>
  </div>
 </body>
</html>
