2002 3614
148 168 172 214 Ρ.
189 166 331 214 VERGILI
349 166 506 214 MARONIS
523 166 688 214 AENEIDOS
705 166 768 214 LIB.
785 165 822 212 Vl
891 179 935 226 113

77 295 223 371 Pasiphae,
240 295 422 372 mixtumque
436 314 526 369 genus
540 295 689 371 prolesque
706 292 832 351 biformis

76 378 260 435 Minotaurus
276 375 360 446 inest,
376 376 497 433 Veneris
514 375 691 432 monimenta
707 375 870 445 nefandae;

74 459 123 515 hic
140 458 218 514 labor
233 457 284 514 ille
300 457 399 513 domus
415 472 443 513 et
458 456 664 513 inextricabilis
680 477 757 512 error
771 481 780 525 ;

75 558 211 613 magnum
226 538 341 612 reginae
355 537 405 594 sed
420 537 498 594 enim
514 536 660 594 miseratus
675 557 801 594 amorem

75 619 221 678 Daedalus
236 619 296 694 ipse
310 618 389 675 dolos
405 618 474 674 tecti
491 618 676 695 ambagesque
691 617 817 689 resolvit,

76 721 161 758 caeca
176 720 276 774 regens
292 699 341 755 filo
355 698 483 772 vestigia.
526 714 557 756 tu
574 719 688 775 quoque
703 718 835 773 magnam
914 729 939 767 30

76 796 185 858 partem
200 800 287 858 opere
302 780 332 836 in
350 795 438 849 tanto,
455 780 561 836 sineret
576 779 666 849 dolor,
681 780 770 850 Icare,
786 780 913 837 haberes.

76 863 119 920 bis
134 877 253 918 conatus
269 876 328 917 erat
343 880 422 917 casus
440 860 572 934 effingere
587 860 618 916 in
634 881 701 917 auro
715 885 723 930 3

76 944 118 1001 bis
134 942 244 1019 patriae
259 940 390 998 cecidere
406 961 517 999 manus,
559 941 630 1018 quin
646 941 775 1017 protinus
790 941 887 998 omnia

76 1024 259 1101 perlegerent
273 1021 374 1091 oculis,
391 1021 420 1078 ni
436 1022 492 1078 iam
507 1022 673 1098 praemissus
688 1023 813 1079 Achates

77 1104 196 1174 adforet,
212 1118 298 1180 atque
313 1122 370 1159 una
386 1102 495 1160 Phoebi
512 1101 686 1178 Triviaeque
701 1103 836 1172 sacerdos,

76 1184 232 1262 Deiphobe
248 1182 365 1253 Glauci,
381 1182 457 1240 fatur
472 1203 545 1261 quae
561 1183 627 1239 talia
641 1183 698 1257 regi
714 1204 722 1240 ε

57 1271 137 1323 ‘non
153 1266 208 1322 hoc
223 1264 277 1322 ista
292 1263 344 1320 sibi
361 1278 474 1340 tempus
490 1263 653 1340 spectacula
666 1263 779 1338 poscit3

77 1365 157 1403 nunc
173 1365 257 1420 grege
272 1344 308 1402 de
324 1344 435 1401 intacto
450 1359 560 1420 septem
575 1358 700 1400 mactare
714 1343 851 1400 iuvencos

77 1424 261 1504 praestiterit,
278 1424 398 1482 totidem
415 1425 502 1481 lectas
518 1425 553 1480 de
568 1443 646 1480 more
661 1424 811 1481 bidentes.'

77 1506 184 1565 talibus
197 1504 292 1563 adfata
305 1506 522 1562 Aenean—nec
538 1525 615 1562 sacra
629 1520 776 1562 morantur
917 1535 942 1572 40

78 1588 151 1645 iussa
164 1586 394 1643 viri-Teucros
409 1601 492 1643 vocat
507 1585 564 1643 alta
578 1585 609 1643 in
625 1586 732 1662 templa
747 1586 884 1644 sacerdos.

120 1667 250 1725 excisum
265 1665 412 1723 Euboicae
428 1666 502 1723 latus
516 1666 616 1741 ingens
631 1667 708 1743 rupis
723 1667 753 1723 in
770 1681 892 1736 antrum,

79 1769 137 1826 quo
152 1747 202 1804 lati
218 1747 331 1804 ducunt
346 1745 437 1804 aditus
453 1761 581 1817 centum,
597 1747 668 1804 ostia
683 1764 802 1805 centum
815 1772 823 1817 3
837 1784 839 1788 v

79 1828 157 1886 unde
172 1842 261 1885 ruunt
278 1827 398 1884 totidem
413 1847 507 1896 voces,
522 1848 653 1904 responsa
669 1828 803 1904 Sibyllae.

20 1916 26 1975 ἶ
79 1924 200 1966 ventum
216 1923 275 1965 erat
289 1907 325 1964 ad
340 1907 441 1976 limen,
456 1927 524 1964 cum
539 1907 626 1982 virgo,
643 1913 775 1985 ‘poscere
791 1909 847 1965 fata

23 2010 27 2021 ·
80 1988 213 2066 tempus‚’
229 1988 268 2045 ait
281 2013 290 2058 3
312 1989 409 2058 ‘deus,
424 2008 504 2057 ecce,
519 1988 608 2045 deus!
622 1988 630 2013 '
652 1988 699 2045 cui
715 1989 782 2045 talia
797 1988 868 2044 fanti

80 2085 146 2127 ante
161 2070 237 2127 fores
251 2068 346 2126 subito
361 2089 420 2126 non
436 2069 542 2139 vultus,
558 2088 617 2124 non
633 2069 712 2126 color
726 2089 808 2138 unus,

81 2171 140 2208 non
156 2165 290 2226 comptae
305 2169 433 2207 mansere
450 2169 567 2219 comae3
589 2149 638 2206 sed
652 2164 751 2225 pectus
767 2149 913 2217 anhelum,

82 2246 111 2289 et
125 2229 204 2288 rabie
220 2230 279 2287 fera
294 2229 377 2287 corda
393 2245 508 2287 tument
521 2254 530 2299 ;
552 2229 699 2305 maiorque
714 2228 802 2285 videri

83 2332 137 2369 nec
151 2311 273 2368 mortale
288 2330 401 2380 sonans,
417 2308 521 2367 adflata
537 2325 579 2367 est
594 2309 714 2366 numine
730 2310 845 2386 quando
921 2337 945 2375 50

81 2392 140 2449 iarn
153 2390 288 2468 propiore
302 2390 359 2448 dei.
401 2395 511 2448 ‘cessas
527 2389 557 2446 in
573 2407 638 2447 vota
652 2408 818 2466 precesque,

83 2469 177 2543 Tros,’
187 2471 237 2543 ait,
251 2471 377 2542 ‘Aenea
389 2490 478 2528 cessas
491 2475 501 2527 i
520 2490 615 2548 neque
627 2470 705 2527 enim
717 2486 783 2528 ante
795 2470 945 2528 dehiscent

83 2551 222 2609 attonitae
238 2570 340 2626 magna
354 2572 402 2608 ora
417 2549 536 2610 domus?
581 2567 609 2607 et
625 2551 692 2608 talia
708 2550 764 2608 fata

83 2632 236 2691 conticuit.
278 2631 387 2707 gelidus
403 2629 525 2689 Teucris
541 2652 592 2709 per
607 2632 676 2688 dura
691 2632 817 2690 cucurrit

83 2734 141 2770 ossa
157 2729 273 2784 tremor,
289 2711 443 2789 funditque
458 2733 557 2789 preces
573 2733 623 2768 rex
637 2728 754 2789 pectore
770 2713 804 2770 ab
819 2712 894 2769 imo:

65 2800 72 2824 ‘
86 2793 211 2862 Phoebe,
225 2812 322 2867 graves
337 2792 443 2851 Troiae
460 2812 571 2868 semper
588 2793 718 2850 miserate
733 2793 850 2862 labores,

83 2874 220 2931 Dardana
234 2872 285 2950 qui
303 2872 410 2930 Paridis
426 2873 537 2930 derexti
555 2875 611 2930 tela
626 2893 784 2950 manusque

84 2975 185 3031 corpus
201 2953 232 3010 in
247 2952 400 3023 Aeacidae,
415 2974 529 3027 magnas
546 2954 683 3011 obeuntia
700 2970 784 3010 terras

85 3051 125 3092 tot
139 3034 229 3092 maria
243 3033 347 3091 intravi
363 3034 434 3092 duce
451 3050 479 3091 te
494 3033 667 3111 penitusque
683 3051 806 3110 repostas

86 3116 245 3192 Massylum
260 3129 369 3188 gentes,
384 3131 590 3191 praetentaque
606 3115 735 3191 Syrtibus
751 3136 824 3182 arva,
920 3131 946 3168 so

303 3220 332 3267 37
350 3217 453 3268 poscunt.
490 3219 519 3269 57
538 3207 618 3252 direxti
630 3207 688 3255 codd.

84 3292 142 3331 voc.
160 3295 169 3330 1
854 3289 863 3323 Ι
