2092 3614
364 193 389 239 P.
407 191 548 239 VERGILI
566 191 722 238 MARONIS
792 196 796 202 '

134 337 222 379 matre
237 323 289 378 dea
304 319 478 379 monstrante
493 321 576 388 viam,
592 321 657 383 data,
670 321 726 378 fata
741 335 856 378 secutus
869 346 878 389 ;

134 401 181 457 vix
197 417 305 478 septem
321 402 472 459 convulsae
488 401 571 459 undis
586 401 718 478 Euroque
733 417 896 477 supersunt.
938 407 940 411 '

134 482 192 557 ipse
208 483 328 557 ignotus,
346 503 439 556 egens,
454 482 561 557 Libyae
577 483 684 539 deserta
699 502 825 558 peragro,

134 564 246 638 Europa
261 578 344 640 atque
359 563 426 619 Asia
440 561 553 639 pulsus.’
596 583 649 620 nee
665 563 745 639 plura
760 578 933 640 querentem

133 665 210 719 passa
226 645 325 700 Venus
341 643 435 700 medio
450 644 489 700 sic
506 643 637 700 interfata
652 644 748 700 dolore
764 660 826 700 est:

175 724 316 800 ‘quisquis
332 746 368 793 es,
385 725 468 793 haud,
486 724 578 793 credo,
595 724 700 780 invisus
716 724 886 781 caelestibus
901 745 977 782 auras

134 804 231 861 vitales
247 805 344 879 carpis,
362 805 481 879 Tyriam
497 805 544 881 qui
561 805 705 861 adveneris
721 804 830 862 urbem.

135 906 218 960 perge
234 885 318 941 modo
334 902 417 961 atque
433 886 500 941 hinc
518 901 545 941 te
560 886 673 959 reginae
689 885 722 941 ad
737 884 838 941 limina
853 886 957 960 perfer.

135 987 256 1056 namque
272 966 324 1023 tibi
340 966 458 1022 reduces
473 965 561 1023 socios
576 966 750 1041 classemque
765 966 883 1033 relatam
959 994 991 1034 39⁰

135 1047 237 1103 nuntio
253 1064 280 1103 et
296 1046 324 1102 in
342 1063 436 1103 tutum
452 1047 536 1102 versis
551 1046 741 1123 Aquilonibus
757 1061 859 1115 actam,

135 1148 164 1183 nr
157 1127 282 1184 frustra·
295 1127 443 1201 augurium
459 1147 523 1183 vaur
516 1127 660 1183 docuere
675 1135 861 1213 parentesf

135 1209 226 1283 aspice
242 1208 282 1264 bis
298 1228 379 1264 senos
395 1209 531 1280 laetantes
546 1206 657 1280 agmine
672 1227 786 1281 cycnos,

135 1280 303 1345 a'etlieria
273 1309 341 1364 quos
357 1282 432 1363 lapsa
448 1266 527 1363 plaga
543 1287 617 1344 Iovis
632 1289 687 1343 ales
703 1303 799 1362 aperto

136 1364 264 1426 turbabat
280 1369 380 1437 caelo;
402 1388 479 1425 nunc
497 1364 580 1424 te‘iras
595 1367 692 1424 ordine
708 1369 793 1441 longo

135 1467 183 1506 aut
198 1470 298 1524 capere
314 1465 361 1505 aut
377 1465 470 1525 captas
486 1449 541 1505 iam
556 1449 717 1523 despectare
732 1447 866 1506 videntur
881 1471 887 1506 :

136 1545 166 1587 ut
182 1531 300 1595 reduces
313 1529 356 1586 illi
373 1530 477 1586 ludunt
492 1529 675 1586 stridentibus
690 1528 739 1584 alis

136 1628 163 1668 et
179 1627 262 1667 coetu
278 1611 393 1667 cinxere
408 1611 507 1686 polum
523 1626 678 1686 cantusque
692 1609 804 1678 dedere,

59 1749 62 1753 ,
135 1691 210 1747 haud
225 1691 306 1747 aliter
321 1711 486 1766 puppesque
502 1706 566 1747 tuae
580 1690 726 1767 pubesque
741 1705 856 1746 tuorum

69 1780 71 1784 “
136 1789 183 1829 aut
198 1788 313 1847 portum
329 1788 407 1828 tenet
424 1786 470 1828 aut
467 1771 572 1853 pleno
587 1770 661 1828 subit
676 1786 745 1827 ostra
759 1771 833 1828 velo
962 1800 999 1837 4⁰⁰

31 1809 323 1928 Qetgtmodo
336 1868 374 1920 et,
383 1872 466 1928 qua
458 1847 491 1926 te
493 1851 622 1927 ducit
579 1843 658 1944 vra,
660 1851 767 1929 derige
768 1851 1040 1942 gressumw

177 1933 257 1999 dixit,
274 1950 301 1989 et
317 1949 445 1989 avertens
461 1932 538 1988 rosea
553 1952 664 1989 cervrce
680 1922 799 2000 refulsit,

137 2013 346 2104 ambrosiaeque
362 2033 459 2069 comae
475 2013 605 2069 divinum
620 2012 725 2069 vertice
741 2012 857 2068 odorem

137 2095 295 2169 spiravere,
317 2093 402 2169 pedes
417 2093 500 2150 vestis
515 2092 634 2150 defluxit
650 2093 705 2149 ad
699 2113 789 2149 imos:

137 2192 165 2231 ct
180 2195 243 2230 vcra
258 2175 368 2230 incessu
385 2173 477 2248 patuit
492 2174 552 2230 dea.
595 2173 643 2230 ille
660 2173 707 2230 ubi
723 2188 842 2229 matrem

138 2239 519 2328 adgirffltarfugientem
535 2270 575 2310 est
590 2274 659 2310 voce
674 2269 807 2310 secutus:

117 2343 185 2412 ‘rqu
177 2335 205 2391 id
221 2352 319 2391 natum
335 2335 446 2404 totiens,
464 2335 585 2391 crudelis
601 2350 631 2391 tu
647 2353 770 2410 quoque,
785 2332 860 2390 falsis

138 2415 210 2472 ludis
226 2415 417 2488 imaginibus?
439 2435 490 2471 cur
504 2414 641 2472 dextrae
634 2434 751 2488 rungere
765 2413 896 2474 dextram

138 2517 195 2551 non
211 2496 301 2563 datur,
318 2516 348 2551 ac
366 2516 442 2551 veras
458 2495 553 2551 audire
570 2511 597 2551 et
612 2495 727 2551 reddere
742 2513 825 2550 voces
837 2491 862 2550 ?'

138 2577 239 2632 talibus
255 2576 374 2642 incusat,
390 2596 570 2651 gressumque
586 2575 620 2631 ad
635 2574 748 2631 moenia
763 2573 864 2631 tendit.
962 2603 999 2640 410

138 2673 164 2712 at
180 2658 279 2712 Venus
294 2656 414 2713 obscuro
429 2656 585 2729 gradientes
601 2665 662 2711 abre
677 2654 788 2730 saepsit,

138 2753 166 2794 et
182 2738 273 2794 multo
288 2736 409 2793 nebulae
426 2736 534 2792 circum
549 2736 601 2792 dea
616 2736 690 2792 fudit
705 2734 835 2801 amictu,'

138 2838 255 2874 cernere
271 2838 307 2873 ne
323 2817 384 2894 quis
400 2837 445 2872 eos
461 2837 516 2872 neu
533 2817 593 2892 quis
608 2816 773 2889 contingere
788 2829 891 2890 posset,

139 2898 268 2955 molirive
283 2918 390 2954 moram
406 2913 453 2953 aut
468 2896 602 2953 veniendi
617 2916 731 2972 poscere
747 2914 851 2952 causas.

139 2979 196 3054 ipsa
214 2979 341 3054 Paphum
357 2977 485 3034 sublimis
501 2977 567 3046 abit,
584 2977 718 3053 sedesque
733 2975 831 3032 revisit

139 3059 211 3116 laeta
227 3079 294 3126 suas,
312 3058 360 3114 ubi
377 3058 516 3132 templum
531 3056 583 3124 illi,
600 3073 773 3132 centumque
789 3055 895 3112 Sabaeo

140 3155 201 3196 ture
217 3140 313 3196 calent
328 3159 388 3194 arae
404 3138 537 3214 sertisque
552 3137 716 3194 recentibus
732 3136 840 3192 halant.

181 3219 342 3294 corripuere
358 3219 430 3274 viam
447 3218 561 3285 interea,
578 3237 632 3292 qua
647 3215 747 3273 semita
761 3231 917 3273 monstrat:
