2002 3614
73 161 116 219 136
336 163 361 223 Ρ.
379 162 521 210 VERGlLl
539 161 694 210 MARONIS

109 291 281 363 Fabricium,
296 292 342 350 vel
359 309 387 349 te
402 292 492 362 sulco,
509 293 637 362 Serrane,
653 297 815 364 serentem?

108 394 165 449 quo
180 373 286 429 fessum
300 372 407 449 rapitis,
424 372 525 430 Fabii?
567 387 597 430 tu
614 372 763 430 Maximus
778 373 830 429 ille
846 394 883 442 es,

109 473 181 509 unus
196 453 244 530 qui
262 453 343 510 nobis
359 452 524 510 cunctando
538 453 663 510 restituis
678 472 747 511 rem.

109 533 253 590 excudent
269 533 317 590 alii
333 533 468 609 spirantia
484 533 600 590 mollius
615 555 686 602 aera,

108 613 193 670 credo
208 613 352 691 equidem,
367 614 445 670 vivos
461 613 570 671 ducent
584 614 620 670 de
635 634 775 672 marmore
790 615 897 686 vultus,

108 694 229 750 orabunt
244 714 340 751 causas
355 693 468 764 melius,
484 694 615 770 caelique
630 709 740 752 meatus

108 774 271 831 describent
285 774 373 844 radio,
390 790 418 831 et
433 774 576 847 surgentia
591 775 681 832 sidera
697 775 815 833 dicent:
931 793 971 841 850

108 871 138 912 tu
154 875 248 928 regere
264 855 385 931 imperio
400 855 530 932 populos,
547 855 686 924 Romane,
702 871 893 913 memento—

107 937 161 992 hae
177 935 229 992 tibi
245 951 328 992 erunt
344 935 594 1012 artes—pacisque
609 935 747 1012 inponere
762 956 881 1007 morem,

107 1036 223 1092 parcere
237 1015 372 1073 subiectis
388 1031 416 1072 et
431 1015 576 1072 debellare
591 1015 744 1092 superbos.’

148 1097 187 1154 sic
203 1112 283 1173 pater
297 1096 448 1165 Anchises,
465 1110 551 1171 atque
566 1097 636 1153 haec
652 1097 821 1155 mirantibus
837 1098 934 1155 addit:

88 1177 211 1254 ‘aspice,
227 1192 259 1234 ut
273 1177 390 1251 insignis
406 1175 504 1252 spoliis
521 1176 680 1234 Marcellus
695 1178 798 1254 opimis

108 1258 274 1332 ingreditur,
289 1258 437 1335 victorque
452 1258 526 1316 viros
543 1258 736 1333 supereminet
750 1259 866 1316 omnes!

107 1338 155 1394 hic
171 1358 231 1394 rem
246 1339 417 1408 Romanam,
432 1359 535 1413 magno
552 1338 686 1396 turbante
702 1340 840 1410 tumultu,

108 1419 197 1489 sistet,
213 1439 299 1495 eques
314 1435 421 1476 sternet
437 1419 547 1478 Poenos
565 1420 743 1497 Gallumque
758 1420 907 1490 rebellem,

108 1499 248 1576 tertiaque
264 1520 339 1557 arma
353 1499 427 1575 patri
442 1501 597 1576 suspendet
612 1517 694 1577 capta
710 1500 854 1576 Qlirino!

108 1594 193 1656 atque
209 1580 255 1637 hic
270 1580 391 1649 Aeneas,
407 1600 464 1636 una
478 1600 602 1657 namque
618 1581 658 1638 ire
673 1581 788 1637 videbat
886 1624 888 1628 -
931 1600 969 1638 860

108 1661 251 1735 egregium
266 1661 356 1716 forma
371 1660 506 1716 iuvenem
522 1676 550 1717 et
566 1661 744 1738 fulgentibus
759 1662 853 1732 armis,

108 1741 156 1796 sed
171 1741 247 1796 frons
264 1741 336 1796 laeta
352 1761 460 1816 parum,
477 1756 504 1797 et
519 1740 632 1798 deiecto
648 1741 757 1798 lumina
772 1743 873 1799 vultu:

88 1821 179 1897 ‘quis,
195 1837 282 1896 pater,
298 1820 358 1891 ille,
373 1821 466 1877 virum
481 1821 530 1897 qui
545 1821 585 1878 sic
601 1822 754 1879 comitatur
769 1827 907 1879 euntem?

106 1901 192 1971 filius,
208 1921 281 1958 anne
297 1900 399 1977 aliquis
415 1921 517 1975 magna
531 1901 567 1958 de
582 1902 668 1978 stirpe
684 1907 842 1978 nepotum?

108 1982 156 2058 qui
172 1981 305 2057 strepitus
317 1981 391 2038 circa
404 1981 560 2040 comitum!
584 1998 724 2059 quantum
739 1983 827 2040 instar
841 1983 872 2040 in
888 1984 964 2059 ipso!

108 2063 156 2119 sed
172 2083 228 2118 nox
244 2077 302 2118 atra
318 2079 404 2138 caput
420 2062 491 2118 tristi
508 2063 696 2119 circumvolat
712 2063 827 2121 umbra.'

109 2160 170 2200 tum
185 2159 265 2220 pater
279 2143 419 2199 Anchises
435 2143 558 2199 lacrimis
574 2143 713 2218 ingressus
728 2144 852 2202 obortis:

88 2230 124 2280 ‘o
140 2240 215 2293 nate,
232 2224 378 2297 ingentem
394 2223 506 2280 luctum
522 2244 558 2279 ne
574 2245 677 2300 quaere
692 2240 815 2282 tuorum.

108 2305 259 2361 ostendent
275 2304 353 2361 terris
369 2306 446 2360 hunc
462 2320 574 2361 tantum
589 2305 657 2373 fata,
672 2325 766 2381 neque
782 2306 855 2362 ultra

108 2406 166 2440 esse
182 2385 286 2443 sinent.
329 2384 452 2441 nimium
467 2385 546 2441 vobis
563 2386 692 2441 Romana
706 2406 830 2460 propago
931 2405 968 2452 870

107 2465 165 2521 visa
181 2482 292 2540 potens,
308 2466 411 2540 superi,
427 2465 539 2541 propria
553 2467 623 2522 haec
640 2465 661 2521 si
678 2466 752 2522 dona
768 2466 898 2523 fuissent.

107 2562 228 2621 quantos
243 2546 293 2601 ille
309 2546 401 2601 virum
416 2566 548 2619 magnam
564 2546 705 2602 Mavortis
721 2546 755 2602 ad
771 2547 870 2602 urbem
886 2565 894 2577 ⁴

108 2627 235 2701 Campus
251 2642 314 2699 aget
329 2626 467 2700 gemitus!
492 2625 537 2681 vel
553 2647 635 2702 quae,
652 2627 801 2696 Tiberine,
818 2627 929 2683 videbis

107 2706 216 2774 funera,
233 2727 299 2762 cum
315 2707 460 2762 tumulum
474 2707 861 2781 praeterlabererecentem!

108 2807 160 2842 nec
176 2807 247 2861 puer
262 2786 349 2842 Iliaca
364 2786 514 2863 quisquam
529 2786 565 2843 de
580 2801 665 2860 gente
681 2787 799 2843 Latinos

107 2865 137 2922 in
155 2881 266 2922 tantum
282 2887 330 2941 spe
347 2867 430 2922 tollet
446 2887 510 2923 avos
520 2892 529 2936 ;
551 2887 604 2924 nec
621 2867 745 2923 Romula
760 2868 905 2944 quondam

107 2947 168 3003 ullo
184 2967 212 3002 se
229 2961 340 3002 tantum
357 2947 442 3002 tellus
457 2946 575 3004 iactabit
590 2947 716 3005 alumno

107 3027 163 3083 heu
180 3026 278 3101 pietas,
295 3027 350 3082 heu
367 3027 457 3101 prisca
473 3027 551 3097 fides,
567 3027 732 3105 invictaque
748 3028 825 3084 bello

108 3106 240 3163 dextera!
265 3125 323 3162 non
339 3106 382 3163 illi
399 3127 427 3163 se
442 3107 592 3184 quisquam
608 3107 717 3183 inpune
733 3109 844 3165 tulisset

341 3199 385 3260 852
404 3200 452 3259 paci
464 3199 522 3246 codd.
557 3200 616 3259 pacis
629 3200 691 3248 Serv.
