2002 3614
342 186 369 232 Ρ,
387 184 528 231 VERGlLI
547 183 702 231 MARONIS

108 314 191 385 dixit,
208 334 332 391 eumque
348 315 411 371 imis
427 316 478 372 sub
494 314 629 372 fluctibus
644 315 736 372 audiit
752 317 846 374 omnis

108 395 270 452 Nereidum
287 395 449 472 Phorcique
465 397 576 465 chorus,
594 396 787 474 Panopeaque
802 399 900 473 virgo;

108 491 137 533 et
152 491 232 552 pater
247 476 307 552 ipse
322 497 409 533 manu
425 497 527 550 magna
543 477 687 534 Portunus
704 493 824 536 euntem

107 556 233 633 inpulit:
256 557 305 613 illa
321 557 401 614 Noto
416 557 500 614 citius
515 557 685 634 volucrique
700 559 801 632 sagitta

107 637 142 694 ad
158 652 262 694 terram
277 637 360 712 fugit,
377 654 406 695 et
421 653 505 714 portu
522 659 550 694 se
566 639 698 695 condidit
713 640 782 697 alto.

108 733 170 775 tum
185 733 260 775 satus
275 719 412 788 Anchisa,
428 718 540 776 cunctis
557 740 591 775 ex
607 740 686 776 more
700 720 819 791 vocatis,

107 799 245 856 victorem
261 820 362 873 magna
378 799 527 875 praeconis
542 820 612 857 voce
629 799 810 858 Cloanthum

107 880 242 947 declarat,
259 880 401 957 viridique
417 880 530 937 advelat
546 896 675 956 tempora
691 882 791 949 lauro;

107 980 284 1037 muneraque
300 961 331 1016 in
348 982 433 1018 naves
450 976 545 1017 ternos
561 976 659 1037 optare
675 961 813 1019 iuvencos

70 1061 72 1066 ·
106 1041 230 1117 vinaque
246 1056 275 1098 et
290 1041 399 1115 argenti
417 1039 552 1115 magnum
568 1041 616 1098 dat
631 1043 706 1098 ferre
722 1043 877 1103 talentum.

107 1121 173 1197 ipsis
188 1122 357 1198 praecipuos
373 1121 540 1178 ductoribus
556 1122 636 1178 addit
650 1123 792 1182 honores:

106 1202 208 1259 victori
221 1203 402 1277 chlamydem
415 1217 552 1272 auratam,
565 1223 650 1279 quam
663 1203 787 1278 plurima
799 1204 910 1263 circum

106 1303 232 1359 purpura
248 1283 410 1339 Maeandro
426 1282 535 1358 duplici
553 1283 700 1340 Meliboea
715 1285 865 1354 cucurrit;

106 1365 292 1441 intextusque
308 1384 379 1440 puer
394 1363 528 1420 frondosa
544 1363 635 1437 regius
651 1363 702 1420 Ida

106 1445 218 1502 veloces
234 1444 328 1501 iaculo
343 1464 441 1501 cervos
456 1464 597 1520 cursuque
614 1444 713 1518 fatigat

106 1546 180 1596 acer,
196 1524 344 1581 anhelanti
360 1524 470 1595 similis,
487 1545 573 1601 quem
588 1545 706 1601 praepes
722 1526 756 1582 ab
772 1527 825 1583 Ida

106 1606 259 1663 sublimem
273 1605 394 1681 pedibus
410 1605 505 1681 rapuit
520 1605 595 1661 lovis
611 1605 732 1680 armiger
747 1607 841 1666 uncis.

106 1685 236 1761 longaevi
252 1687 359 1761 palmas
375 1685 552 1762 nequiquam
567 1686 602 1743 ad
617 1686 708 1743 sidera
724 1687 853 1745 tendunt

106 1767 247 1836 custodes,
264 1766 410 1842 saevitque
427 1787 533 1823 canum
549 1766 667 1823 latratus
683 1766 712 1823 in
730 1788 821 1826 auras.

106 1863 133 1904 at
149 1847 198 1924 qui
214 1846 320 1904 deinde
336 1847 433 1904 locum
449 1846 545 1903 tenuit
560 1847 666 1903 virtute
682 1847 856 1919 secundum,

106 1929 215 1985 levibus
231 1927 299 1984 huic
315 1927 406 1984 hamis
422 1943 584 1985 consertam
600 1948 726 2004 auroque
742 1927 870 1987 trilicem

106 2009 233 2079 loricam,
250 2029 335 2085 quam
351 2008 494 2064 Demoleo
510 2009 671 2064 detraxerat
687 2008 747 2083 ipse

106 2090 197 2147 victor
212 2089 288 2166 apud
304 2089 436 2165 rapidum
454 2088 601 2144 Simoenta
616 2089 667 2145 sub
683 2089 739 2144 Ilio
755 2090 824 2160 alm,

105 2171 193 2228 donat
209 2172 313 2227 habere
328 2169 399 2240 vir0,
415 2169 502 2226 decus
519 2184 548 2225 et
564 2183 693 2225 tutamen
710 2169 740 2225 in
757 2171 853 2229 armis.

106 2252 152 2307 vix
169 2252 247 2307 illam
263 2250 363 2307 famuli
381 2251 510 2323 Phegeus
528 2249 693 2326 Sagarisque
709 2249 844 2308 ferebant

106 2332 307 2408 multiplicem,
323 2330 420 2388 conixi
439 2330 562 2399 umeris;
585 2330 703 2386 indutus
719 2346 747 2387 at
762 2331 834 2389 olim

105 2413 259 2468 Demoleos
276 2433 359 2468 cursu
374 2411 504 2488 palantes
520 2411 613 2467 Troas
629 2412 738 2485 agebat.

106 2493 189 2549 tertia
204 2493 279 2549 dona
295 2492 364 2549 facit
379 2491 508 2567 geminos
525 2512 559 2548 ex
575 2512 638 2548 aere
655 2492 772 2562 lebetas,

105 2573 276 2649 cymbiaque
292 2589 409 2647 argento
425 2573 554 2649 perfecta
570 2588 656 2649 atque
672 2593 769 2648 aspera
785 2573 883 2648 signis,

105 2653 219 2730 iamque
234 2654 306 2710 adeo
321 2653 420 2710 donati
436 2673 535 2710 omnes
551 2653 710 2728 opibusque
726 2654 842 2729 superbi

105 2733 235 2809 puniceis
251 2734 331 2791 ibant
347 2734 454 2792 evincti
472 2749 599 2809 tempora
616 2733 724 2789 taenis:

105 2835 171 2871 cum
187 2835 269 2870 saevo
285 2835 299 2871 e
315 2816 434 2891 scopulo
450 2815 541 2871 multa
556 2814 603 2870 vix
619 2830 678 2870 arte
694 2815 833 2884 revulsus,

105 2895 212 2951 amissis
228 2895 321 2964 remis,
338 2911 424 2971 atque
441 2895 541 2950 ordine
558 2894 660 2950 debilis
676 2914 744 2963 uno,

106 2975 222 3032 inrisam
238 2975 299 3031 sine
315 2977 424 3031 honore
440 2990 530 3030 ratem
547 2975 692 3048 Sergestus
707 2975 819 3048 agebat.

105 3055 196 3132 qualis
212 3075 295 3130 saepe
311 3055 373 3111 viae
389 3056 545 3130 deprensus
561 3054 590 3110 in
607 3075 706 3127 aggere
722 3075 849 3130 serpens,

106 3156 186 3191 aerea
202 3155 288 3211 quem
305 3135 456 3211 obliquum
471 3151 532 3191 rota
549 3135 669 3203 transiit,
685 3149 734 3190 aut
749 3136 840 3208 gravis
857 3137 916 3193 ictu

439 3241 485 3286 274
503 3227 592 3273 transit.
