2002 3614
70 203 99 248 32
340 189 366 234 P.
385 187 526 234 VERGILI
545 188 701 234 MARONIS

98 320 241 392 ‚Vulcano
255 333 403 395 superante
418 317 517 375 domus
531 342 542 387 3·
561 319 616 376 iam
631 319 778 396 proximus
794 321 869 379 ardet

109 401 259 474 Ucalegon
273 425 281 469 ;
304 400 384 474 Sigea
399 399 458 473 igni
474 400 547 456 freta
561 399 616 456 lata
630 400 782 460 relucent:

108 481 233 538 exoritur
248 481 413 556 clamorque
428 479 521 537 virum
536 480 709 558 clangorque
725 482 866 540 tubarum.

107 582 182 618 arma
197 581 293 618 amens
309 581 389 636 capro
403 585 411 630 ;
433 580 487 617 nec
503 577 543 618 sat
558 577 672 618 rationis
687 582 717 618 in
733 563 838 630 armis3

108 643 155 699 sed
169 643 323 717 glomerare
338 661 456 698 manum
472 641 548 698 bello
563 657 595 698 et
606 662 775 699 concurrere
791 643 821 700 in
837 662 920 700 arcem

108 743 174 780 cum
189 722 269 779 sociis
285 722 385 780 ardent
400 722 497 779 animir
540 723 618 779 furor
632 722 728 800 iraque
743 740 870 781 mentem

107 803 304 880 praecipitant,
319 803 529 880 pulchrumque
546 803 617 859 mori
634 804 774 861 succurrit
789 804 820 860 in
835 804 919 861 armis.

148 904 216 940 ecce
231 900 326 940 autem
341 883 404 940 telis
420 884 545 940 Panthus
562 884 669 959 elapsus
684 884 842 954 Achivum,

109 966 234 1021 Panthus
249 963 419 1038 Othryades,
434 963 504 1020 arcis
521 963 685 1041 Phoebique
700 962 898 1034 sacerdos,

108 1065 183 1102 sacra
197 1065 283 1102 manu
299 1045 444 1121 victosque
460 1043 526 1101 deos
541 1065 716 1121 parvumque
732 1060 866 1121 nepotem
925 1071 947 1109 μ

108 1126 166 1202 ipse
182 1125 276 1194 trahit,
292 1145 431 1202 cursuque
447 1144 543 1181 amens
559 1125 593 1181 ad
608 1124 707 1182 limina
721 1125 824 1183 tendit.

88 1213 164 1283 ‘quo
197 1227 239 1262 res
272 1226 381 1262 summa
416 1206 489 1274 loco,
522 1205 660 1262 Panthu?
691 1226 776 1283 quam
808 1206 947 1283 prendimus

189 1285 319 1343 arcem?'

108 1367 157 1425 vix
171 1388 202 1424 ea
218 1368 290 1423 fatus
305 1387 390 1438 eram,
405 1365 512 1441 gemitu
529 1386 596 1423 cum
611 1366 677 1423 talia
691 1366 806 1424 reddit:

89 1448 186 1505 ‘venit
201 1468 309 1504 summa
324 1447 382 1503 dies
397 1463 424 1503 et
439 1446 623 1503 ineluctabile
639 1462 749 1522 tempus

109 1528 276 1585 Dardaniae.
319 1527 424 1584 fuimus
440 1526 542 1596 Troes,
558 1527 612 1584 fuit
627 1527 714 1584 Ilium
729 1544 758 1584 et
772 1527 872 1604 ingens

109 1609 197 1684 gloria
212 1609 402 1665 Teucrorum.
446 1608 521 1669 {erus
536 1607 632 1664 omnia
646 1607 777 1684 Iuppiter
790 1610 879 1684 Argos

107 1689 271 1746 transtulit:
295 1689 410 1746 incensa
425 1687 516 1744 Danai
532 1687 715 1744 dominantur
729 1688 759 1745 in
776 1689 854 1747 urbe.

110 1771 211 1826 arduus
226 1785 345 1826 armatos
359 1768 460 1826 mediis
475 1768 504 1825 in
521 1768 670 1826 moenibus
685 1769 795 1826 adstans

110 1851 204 1907 fundit
220 1870 318 1926 equus,
333 1850 483 1925 victorque
500 1849 588 1906 Sinon
604 1849 737 1907 incendia
752 1849 853 1908 miscet

110 1932 256 1989 insultans.
298 1930 385 2006 portis
400 1930 447 1987 alii
464 1929 655 2005 bipatentibus
670 1930 782 2000 adsunt,
886 1977 888 1980 .
924 1955 947 1994 aa

110 2013 188 2069 milia
204 2028 273 2088 quot
288 2011 396 2086 magnis
412 2031 547 2087 umquam
563 2030 668 2067 venere
684 2011 841 2086 Mycenis3

110 2094 243 2150 obsedere
258 2092 305 2149 alii
322 2092 384 2149 telis
399 2108 515 2166 angusta
530 2091 640 2149 viarum

110 2174 254 2265 oppositi3
276 2194 286 2229 s
289 2189 328 2230 at
344 2172 411 2229 ferri
428 2172 500 2229 acies
515 2192 654 2229 mucrone
670 2192 789 2229 corusco

111 2255 215 2323 stricta,
230 2270 323 2329 parata
338 2253 425 2321 neci;
447 2253 495 2309 vix
510 2253 595 2329 primr
588 2253 716 2329 proelia
731 2269 873 2356 temptant

110 2351 253 2412 portarum
269 2335 377 2409 vigiles,
393 2351 421 2392 et
436 2354 521 2391 caeco
537 2333 633 2390 Marte
649 2332 800 2392 resistunt)

111 2416 212 2473 talibus
228 2416 390 2490 Othryadae
405 2415 488 2472 dictis
503 2429 531 2470 et
546 2414 665 2471 numine
680 2414 776 2471 divom

111 2497 140 2553 in
157 2496 282 2553 flammas
297 2514 324 2553 et
339 2497 368 2552 in
385 2516 461 2552 arma
477 2495 560 2563 feror,
576 2515 632 2571 quo
648 2494 732 2551 tristis
746 2495 858 2570 Erinys,

111 2598 167 2654 quo
183 2577 312 2634 fremitus
329 2592 411 2633 vocat
426 2592 454 2633 et
469 2574 592 2632 sublatus
608 2575 641 2631 ad
656 2576 769 2633 aethera
784 2576 898 2633 clamor.

112 2659 218 2715 addunt
233 2679 261 2715 se
277 2657 365 2714 socios
381 2656 508 2731 Rhipeus
524 2672 551 2712 et
566 2656 705 2712 maximus
720 2657 803 2712 armis

113 2741 230 2814 Epytus,
244 2738 330 2795 oblati
346 2758 395 2813 per
410 2738 516 2805 lunam,
532 2736 718 2813 Hypanisque
733 2737 904 2815 Dymasque,
927 2758 947 2797 st*

113 2837 140 2877 et
156 2819 236 2876 lateri
252 2818 444 2892 adglomerant
459 2833 565 2885 nostro,
581 2817 747 2893 iuvenisque
762 2817 905 2875 Coroebus

114 2899 313 2975 Mygdonides.
357 2898 412 2953 illis
427 2898 462 2953 ad
477 2897 596 2953 Troiam
613 2898 684 2953 forte
699 2897 797 2955 diebus

113 2995 237 3049 venerat,
252 2980 352 3035 insano
368 2978 538 3034 Cassandrae
554 2978 686 3034 incensus
701 2998 805 3046 amore,

113 3078 141 3118 et
155 3081 241 3135 gener
255 3059 393 3116 auxilium
411 3058 523 3114 Priamo
539 3057 751 3134 Phrygibusque
767 3058 882 3125 ferebat,

112 3141 225 3208 infelix,
241 3140 288 3217 qui
304 3159 361 3196 non
378 3158 493 3213 sponsae
508 3155 657 3214 praecepta
672 3139 792 3196 furentis
824 3157 827 3164 ·

104 3221 238 3280 audierit.
