2002 3614
294 180 460 228 AENEIDOS
479 181 540 227 LIB.
559 182 584 227 V

59 308 150 368 interior
163 313 310 402 spatioque
326 310 402 367 subit
418 311 586 383 Sergestus'
579 310 689 387 iniquo,

57 386 136 447 infelix
149 392 216 448 saxis
232 393 261 448 im
277 391 512 468 procurrentibus
528 391 627 448 haesit

59 488 181 529 concussae
196 488 302 542 cautes,
319 487 346 529 et
362 487 448 529 acuto
463 470 493 527 in
510 471 618 528 murice
634 473 704 529 remi

59 549 132 608 obnixi
146 574 287 630 crepuere,
303 552 445 629 inlisaque
460 572 542 628 prora
558 552 707 628 pependit.

60 649 202 708 consurgunt
218 650 333 703 nautae,
350 649 378 690 et
394 653 496 707 magno
512 633 636 689 clamore
652 649 809 704 morantur,

60 709 201 791 ferratasque
217 715 314 771 trudes
330 730 358 770 et
373 729 456 771 acuta
472 713 590 789 cuspide
605 729 705 770 comtos

61 794 195 866 expediunt,
210 796 374 871 fractosque
391 795 491 869 legunt
507 794 536 850 in
551 795 662 868 gurgite
677 815 779 853 remos.

60 885 80 925 at
91 872 163 931 laetus
179 876 350 932 Mnestheus
366 895 555 951 successuque
571 875 662 931 acrior
676 874 737 950 ipso
851 905 889 932 210

60 953 144 1023 agmine
158 976 299 1013 remorum
314 955 400 1013 celeri
418 955 568 1031 ventisque
584 955 691 1012 vocatis

60 1049 124 1104 prona
136 1037 203 1111 petit
218 1037 316 1104 maria,
333 1052 360 1092 et
375 1036 477 1112 pelago
492 1035 619 1092 decurrit
634 1053 742 1112 apert0.

60 1114 125 1185 qualis
137 1117 268 1192 spelunca
283 1117 378 1173 subito
394 1132 537 1172 commota
553 1116 695 1185 columba,

60 1192 92 1247 tui
103 1196 188 1254 domus
204 1212 231 1254 et
247 1198 346 1254 dulces
363 1197 504 1253 latebroso
518 1196 548 1252 in
564 1196 680 1272 pumice
696 1197 766 1267 midi,

61 1269 126 1331 fertur
137 1277 163 1334 in
178 1300 242 1334 arva
257 1278 365 1344 volans,
382 1278 573 1353 plausumque
589 1277 723 1334 exterrita
738 1278 835 1353 pinnis

60 1350 94 1408 dat
105 1370 169 1414 tecto
184 1359 341 1432 ingentem,
358 1378 423 1414 mox
439 1367 503 1414 a'e're
519 1359 596 1434 lapsa
611 1357 709 1433 quieto

61 1433 129 1491 radit
123 1454 170 1494 iter
185 1438 339 1515 liquidum,
355 1439 462 1494 celeres
479 1458 573 1514 neque
589 1454 750 1494 commovet
767 1439 842 1494 alas:

60 1509 86 1568 §lt
60 1516 301 1587 tsMnestheus
281 1539 320 1576 s1c
337 1519 404 1610 ipsa·
412 1519 477 1593 fuga
493 1533 569 1575 secat
586 1518 687 1575 ultima
704 1518 801 1574 Pristis

60 1609 159 1670 aequora,
174 1599 213 1657 sic
229 1600 309 1655 illam
325 1599 404 1655 fert
397 1614 521 1674 rmpetus
537 1598 597 1674 ipse
612 1599 767 1656 volantem.
843 1665 847 1672 ,

60 1678 194 1750 ciprinum
210 1680 240 1736 in
257 1680 375 1755 scopulo
391 1680 552 1736 luctantem
567 1679 673 1736 deserit
688 1680 747 1735 alto
852 1710 890 1737 220

60 1750 189 1829 Sergestum
204 1760 396 1837 brevibusque
411 1760 500 1829 vadis,
517 1760 678 1836 frustraque
692 1776 845 1817 vocantem

59 1837 143 1903 attilia,
158 1858 185 1899 et
200 1841 297 1897 fractis
312 1841 474 1897 discentem
488 1860 603 1897 currere
618 1841 712 1899 remis.

58 1908 105 1973 lude
117 1921 218 1997 Gyan
211 1941 359 1998 ipsamque
375 1921 485 1994 ingenti
503 1921 578 1977 mole
595 1920 780 1979 Chimaeram

57 2002 230 2090 consequitur,
252 2001 339 2070 cedit,
356 2001 493 2078 quoniam
509 2001 628 2077 spoliata
645 2002 778 2075 magistro
794 2017 845 2060 est.

56 2075 126 2134 solus
121 2102 229 2175 tamque
246 2082 307 2158 ipso
322 2097 449 2173 superest
465 2082 495 2138 in
512 2082 568 2138 fine
584 2082 691 2139 Cleant
681 2085 755 2151 thus,

55 2173 117 2229 quem
130 2164 210 2239 petit,
227 2178 256 2219 et
271 2162 388 2218 summis
405 2161 526 2219 adnixus
541 2161 648 2219 viribus
665 2177 775 2236 urguet

54 2249 97 2296 tum
110 2263 169 2300 vero
184 2243 344 2317 ingeminat
359 2244 475 2312 clamor,
491 2239 649 2318 cunctique
664 2258 833 2319 sequentem

52 2313 161 2396 instigant
177 2324 288 2390 studiis,
305 2338 475 2399 resonatque
491 2323 648 2397 fragoribus
664 2325 771 2380 aether.

49 2397 70 2454 hi
64 2405 218 2490 tproprium
234 2405 320 2460 decus
337 2420 364 2460 et
381 2418 495 2479 partum
511 2403 698 2478 indignantur
714 2405 853 2460 honorem

48 2480 69 2535 ni
83 2498 199 2554 teneant,
216 2485 361 2560 vitamque
379 2486 480 2541 volunt
496 2505 546 2574 pro
562 2484 646 2541 laude
661 2484 786 2560 pacisci3
850 2515 887 2552 230

44 2560 84 2619 hos
96 2586 235 2622 successus
252 2565 320 2621 alit:
342 2581 471 2655 possunt,
487 2564 554 2655 quia¹
569 2585 649 2640 posse
665 2564 810 2622 videntur

43 2659 65 2699 ct
78 2645 127 2701 fors
142 2645 269 2722 aequatis
286 2646 428 2721 cepissent
443 2646 569 2721 praemia
586 2645 690 2714 rostris,

40 2744 63 2780 nr
60 2724 177 2801 palmas
193 2742 284 2802 ponto
300 2727 422 2782 tendens
439 2743 572 2801 utrasque
589 2725 751 2782 Cloanthus

37 2805 202 2885 fudissetque
219 2827 326 2882 preces,
342 2807 480 2882 divosque
497 2806 525 2861 in
543 2821 607 2861 vota
622 2822 766 2863 vocasset:

21 2887 68 2954 ‘dt
78 2888 177 2964 quibus
189 2887 344 2963 imperium
357 2902 398 2944 est
410 2886 512 2963 pelagi,
523 2907 645 2962 quorum
657 2907 779 2962 aequora
792 2907 884 2953 curro,

31 2969 105 3024 vobis
121 2969 211 3025 laetus
227 2988 279 3040 ego
294 2968 348 3024 hoc
365 2968 539 3024 candentem
555 2967 584 3021 in
602 2966 684 3023 litore
701 2984 814 3023 taurum

29 3051 198 3105 constituam
214 3063 282 3104 ante
298 3069 366 3117 aras,
381 3048 439 3104 voti
457 3068 529 3116 reus,
546 3062 668 3122 extaque
684 3047 767 3102 salsos

26 3129 161 3204 proiciam
177 3129 207 3185 im
224 3127 338 3198 fluctus,
355 3144 383 3185 ct
401 3128 466 3184 vina
484 3127 624 3203 liquentia
640 3127 780 3183 fundam.'

243 3221 289 3266 208
309 3223 380 3268 sudes.
415 3221 459 3279 238
480 3220 606 3275 porriciam.
