2002 3614
301 222 465 270 nnuntnos
483 223 545 270 iro.
563 223 601 270 111
875 238 902 287 51

75 349 129 406 haud
139 351 292 409 dubitanda
307 353 399 410 refer:
421 353 583 428 Corythum
600 369 742 431 terrasque
758 355 882 431 requirat

74 429 190 490 Ausonias
233 433 354 490 Dictaea
370 449 454 507 negat
470 433 521 490 tibi
538 433 668 510 Iuppiter
684 435 768 492 arva'
870 466 905 502 171

75 510 150 570 talibus
163 513 299 571 attonitus
314 514 378 571 visis
394 529 423 570 et
437 534 506 571 voce
521 514 682 571 deorum—

75 608 111 648 nec
122 613 192 671 sopor
207 595 281 651 illud
297 610 365 665 erat,
382 595 430 652 sed
446 615 541 652 coram
557 594 727 669 adgnoscere
742 596 838 653 vultus

75 672 205 752 velatasque
221 696 316 733 comas
330 676 548 753 praesentiaque
564 697 611 732 ora
626 676 765 743 videbar,

75 765 117 809 tun
120 756 229 847 gelidus
245 773 306 813 toto
322 757 456 813 manabat
471 777 589 832 corpore
605 756 731 813 sudor-

75 834 168 912 corripio
182 858 196 894 e
211 837 304 895 stratis
320 858 421 913 corpus
437 838 581 913 tendoque
597 837 708 913 supinas

27 931 85 999 ga
75 913 204 975 adcaelum
219 938 287 975 cum
301 938 371 974 voce
388 937 487 974 manus
502 933 531 974 et
546 937 664 974 munera
680 919 738 975 libo

75 990 209 1054 intemerata
224 998 305 1055 focis.
348 999 478 1074 perfecto
492 999 583 1055 laetus
598 1001 706 1055 honore

75 1072 190 1135 Anchisen
205 1078 281 1135 facio
296 1095 407 1135 certum
422 1099 538 1156 remque
554 1078 654 1135 ordine
668 1080 773 1155 pando.

75 1153 179 1228 adgnovit
192 1160 304 1235 prolem
320 1159 482 1232 ambiguam
497 1159 680 1235 geminosque
696 1176 826 1235 parentes
870 1178 907 1217 180

75 1251 134 1310 seque
147 1259 219 1296 novo
234 1255 364 1296 veterum
380 1240 534 1315 deceptum
550 1260 643 1295 errore
659 1240 798 1297 locorum.

75 1325 116 1371 turn
127 1334 275 1376 memorat:
298 1324 391 1389 ‘nate,
408 1319 503 1376 Iliacis
520 1320 643 1377 exercite
659 1319 732 1389 fatis,

75 1395 114 1452 sola
124 1399 186 1456 mihi
203 1401 273 1457 tales
289 1420 367 1456 casus
383 1399 541 1457 Cassandra
557 1401 687 1457 canebat.

75 1490 127 1534 nuuc
141 1497 235 1556 repeto
250 1482 321 1537 haec
336 1479 432 1554 generi
447 1481 619 1556 portendere
634 1480 730 1537 debita
745 1496 849 1551 nostro,

76 1569 94 1609 et
104 1577 170 1637 saepe
185 1561 367 1638 Hesperiam,
383 1581 466 1637 saepe
482 1561 556 1617 Itala
570 1581 655 1635 regna
669 1581 780 1619 vocare.

75 1636 107 1692 Sed
117 1641 169 1716 quis
184 1643 219 1699 ad
236 1640 395 1718 Hesperiae
411 1657 546 1698 venturos
562 1641 646 1698 litora
662 1643 792 1698 Teucros

75 1719 195 1779 crederet?
217 1737 266 1780 aut
281 1742 367 1799 quem
384 1736 444 1778 turn
460 1737 538 1779 vates
554 1722 713 1779 Cassandra
728 1727 877 1780 moveret?

74 1798 176 1859 cedamus
193 1803 310 1860 Phoebo
326 1818 353 1860 et
368 1802 471 1859 moniti
488 1801 606 1859 meliora
621 1803 792 1879 sequamur)

74 1873 139 1938 litt
110 1881 139 1938 ait
140 1899 188 1952 ,et
203 1883 302 1941 cuncti
318 1882 396 1940 dicto
411 1902 542 1959 paremus
556 1899 682 1940 ovantes

74 1928 147 2017 hanc
137 1984 246 2042 quoque
262 1963 416 2021 deserimus
432 1963 538 2034 sedern,
554 1964 708 2055 paucisque
723 1964 830 2021 relictis
871 1994 908 2032 190

74 2039 117 2096 Vela
128 2043 221 2102 damus
236 2061 404 2121 vastumque
421 2065 488 2101 cava
504 2045 583 2101 trabe
598 2045 736 2101 currimus
752 2065 866 2122 aequor

99 2139 232 2202 postquam
244 2126 335 2181 altum
346 2140 464 2181 tenuere
477 2140 550 2182 rates
563 2145 615 2182 nec
628 2125 685 2181 iam
698 2125 819 2201 amplius
832 2127 906 2183 ullae

73 2212 182 2275 lpparent
197 2222 297 2276 terrae,
314 2206 424 2275 caeluni
440 2205 567 2282 undique
583 2222 611 2262 et
627 2206 754 2282 undique
769 2222 882 2282 pontus,

73 2287 115 2336 tlm
126 2285 189 2342 mihi
206 2286 353 2343 caeruleus
369 2306 450 2362 supra
466 2302 552 2362 caput
568 2286 676 2343 adstitit
690 2287 781 2343 imber

73 2372 159 2421 noctem
174 2366 357 2442 hiememque
369 2367 472 2436 ferens,
486 2383 513 2422 et
524 2365 667 2423 inhorruit
679 2367 754 2423 unda
771 2367 905 2425 tenebris.

73 2444 180 2502 continuo
194 2447 275 2504 venti
291 2447 412 2503 volvunt
427 2467 503 2503 mare
519 2467 677 2524 magnaque
693 2463 810 2522 surgunt

73 2533 183 2602 {equora3
205 2526 323 2602 dispersi
339 2527 477 2583 iactamur
491 2528 600 2602 gurgite
615 2544 712 2596 vasto;

73 2605 187 2665 uvolvere
202 2607 279 2665 diem
295 2606 396 2678 nimbi,
413 2623 441 2664 et
456 2628 513 2664 nox
529 2608 625 2664 umida
640 2610 751 2665 caelum

74 2676 161 2745 abstulit
170 2713 178 2757 ;
199 2682 381 2762 ingeminant
396 2688 521 2764 abruptis
538 2689 661 2745 nubibus
676 2689 763 2762 ignes.

75 2767 203 2840 §sentimur
218 2790 302 2826 cursu
320 2784 347 2825 et
363 2769 453 2825 caecis
470 2779 593 2825 erramus
609 2769 638 2824 in
655 2769 747 2825 undis.
868 2798 906 2823 200

75 2847 193 2908 1lsstdiem
208 2866 382 2925 noctemque
398 2866 481 2923 negat
496 2849 656 2906 discernere
672 2850 751 2906 caelo

75 2931 110 2976 nec
123 2930 274 2987 neminisse
289 2930 352 2986 viae
368 2930 461 2986 media
478 2930 627 2986 Palinurus
643 2930 672 2985 in
689 2930 772 2987 unda.

76 3008 112 3055 1128
124 3008 182 3067 adeo
197 3011 322 3068 incertos
338 3031 421 3067 caeca
437 3010 556 3101 caligine
572 3012 643 3066 soles

77 3092 167 3146 erfanus
179 3093 289 3167 pelago,
307 3090 463 3147 totidem
444 3112 504 3147 sine
520 3091 610 3148 sidere
626 3107 732 3147 noctes

77 3174 149 3228 quarto
161 3187 229 3230 terra
243 3173 289 3230 die
304 3171 431 3248 primum
446 3192 474 3228 se
490 3173 621 3228 attollere
638 3171 752 3226 tandem

23 3256 27 3309 l
77 3236 116 3297 n‘a
118 3254 230 3325 ‚aperire
246 3253 348 3330 procul
365 3267 474 3308 montes
490 3273 521 3309 ac
536 3253 650 3308 volvere
666 3251 786 3306 fumum
