2002 3614
342 167 508 216 AENEIDOS
526 168 588 216 LIB.
606 171 631 217 V

78 318 151 357 ecce
164 299 232 356 deus
248 317 358 356 ramum
373 298 502 355 Lethaeo
516 319 577 356 rore
592 299 758 356 madentem

78 381 167 457 vique
182 396 345 456 soporatum
361 379 456 455 Stygia
470 400 555 455 super
570 395 690 456 utraque
705 397 817 457 quassat

79 478 218 537 tempora,
234 459 443 536 cunctantique
458 460 587 517 natantia
601 460 710 517 lu‘mina
726 461 817 518 solvit.

78 541 129 598 vix
144 541 249 617 primos
264 539 381 616 inopina
395 540 476 618 quies
492 541 634 598 laxaverat
649 557 744 600 artus:

78 638 108 679 et
124 620 392 698 superincumbens
407 642 475 679 cum
489 621 594 699 puppis
608 637 687 698 parte
702 622 811 679 revulsa

79 722 205 778 cumque
219 701 394 793 gubernaclo
408 703 528 779 liquidas
543 703 664 779 proiecit
679 704 709 760 in
725 704 813 760 undas

78 781 278 874 praecipitem,
288 802 320 838 ac
333 782 423 839 socios
435 783 612 861 nequiquam
623 805 706 861 saepe
716 800 887 842 vocantem:
903 803 941 842 860

78 863 153 955 ipse⁸
154 863 254 919 volans
270 877 370 920 tenues
385 884 414 920 se
429 862 544 921 sustulit
559 864 616 920 ales
632 864 667 921 ad
682 886 769 923 auras

78 943 169 1001 currit
184 943 241 1000 iter
256 959 353 1001 tutum
367 964 426 1001 non
442 944 529 1002 setius
545 966 667 1022 aequore
683 946 787 1017 classis,

78 1023 281 1102 promissisque
296 1025 382 1101 patris
398 1025 531 1102 Neptuni
548 1025 677 1083 interrita
692 1026 792 1085 fertur.

78 1106 194 1182 iamque
210 1105 282 1162 adeo
297 1105 427 1181 scopulos
443 1105 576 1163 Sirenum
592 1107 710 1163 advecta
724 1107 845 1177 subibat,

78 1186 209 1243 difficiles
225 1186 379 1262 quondam,
395 1187 611 1263 multorumque
626 1186 732 1243 ossibus
747 1187 844 1257 albos;

79 1284 142 1324 tum
158 1286 244 1324 rauca
258 1265 378 1323 adsiduo
393 1267 477 1341 longe
492 1267 549 1324 sale
564 1288 628 1324 saxa
643 1267 792 1338 sonabant,

78 1368 148 1405 cum
162 1362 243 1424 pater
257 1346 360 1404 amisso
374 1345 537 1404 fluitantem
552 1368 643 1405 errare
659 1348 792 1422 magistro

78 1428 177 1499 sensit,
193 1443 223 1485 et
238 1427 296 1503 ipse
311 1442 403 1484 ratem
418 1428 567 1485 nocturnis
582 1428 656 1485 rexit
671 1427 701 1485 in
718 1429 811 1500 undis,

78 1508 171 1566 multa
185 1528 312 1583 gemens,
328 1528 453 1584 casuque
468 1508 597 1565 animum
613 1528 766 1567 concussus
781 1510 864 1567 amici
881 1533 886 1567 :

59 1595 96 1647 ‘o
111 1588 238 1645 nimium
252 1589 333 1646 caelo
347 1605 377 1646 et
391 1588 492 1665 pelago
507 1589 612 1646 confise
627 1610 735 1660 serene,
904 1609 943 1658 870

79 1669 176 1726 nudus
190 1669 222 1727 in
236 1667 342 1745 ignota,
360 1668 504 1742 Palinure,
520 1669 625 1728 iacebis
639 1671 746 1728 harena
759 1670 785 1728 !'
