2002 3614
103 185 130 217 ιο
369 172 394 217 P.
413 169 552 216 VERGlLl
572 169 749 215 MARONIS·

140 299 282 356 arboribus
298 300 421 356 clausam
437 299 545 356 circum
560 314 644 375 atque
659 298 840 355 horrentibus
855 297 953 355 umbris

139 380 267 447 occulit3
289 379 347 456 ipse
364 400 421 436 uno
434 380 559 453 graditur
574 380 722 436 comitatus
738 380 860 448 Achate,

139 460 206 516 bina
220 481 306 518 manu
322 461 378 517 lato
393 461 515 536 crispans
529 460 640 517 hastilia
654 461 737 517 ferro.

140 541 185 598 cui
201 557 290 598 mater
304 541 396 598 media
411 563 468 598 sese
483 541 550 606 tulit
564 541 647 598 obvia
661 542 738 609 silva,

140 621 256 696 virginis
270 643 299 678 os
314 622 500 700 habitumque
515 643 616 698 gerens
631 639 658 679 et
673 621 788 697 virginis
804 641 890 691 arma,

141 703 300 778 Spartanae,
317 704 362 759 vel
378 704 468 782 qualis
483 724 568 781 equos
584 703 718 760 Threissa
733 697 830 776 fatig'at

141 783 303 858 Harpalyce
318 784 520 862 volucremque
535 785 600 858 fuga
615 783 802 859 praevertitur
817 783 954 839 Hebrum.

140 884 263 941 namque
279 863 382 920 umeris
397 864 432 921 de
448 885 524 921 more
539 864 665 921 habilem
680 863 863 939 suspenderat
878 881 965 919 arcum

141 944 279 1014 venatrix,
292 944 465 1022 dederatque
480 964 591 1002 comam
607 944 766 1001 diffundere
781 942 884 1013 ventis,

141 1025 216 1081 nuda
230 1044 305 1098 genu
321 1024 453 1103 nodoque
469 1025 544 1083 sinus
560 1026 681 1082 collecta
696 1025 825 1083 fluentes.
960 1047 990 1088 32⁰

141 1125 172 1162 ac
188 1105 262 1181 prior
278 1105 381 1175 ‘heus,’
397 1106 500 1183 inquit,
515 1107 660 1176 ‘iuvenes
675 1121 838 1175 monstrate,
854 1121 976 1162 mearum

141 1185 246 1242 vidistis
262 1186 283 1242 si
298 1207 383 1263 quam
398 1186 444 1243 hic
461 1203 601 1244 errantem
615 1187 688 1244 forte
703 1206 840 1255 sororum,

141 1267 318 1323 succinctam
333 1268 462 1342 pharetra
477 1268 679 1340 etqmaculosae
695 1266 821 1342 tegmine
836 1266 938 1341 lynciS,

142 1363 189 1404 aut
204 1347 359 1424 spumantis
374 1347 432 1423 apri
448 1367 563 1405 cursum
579 1348 700 1404 clamore
715 1345 913 1423 prementem.'

182 1427 220 1485 sic
237 1429 345 1497 Venus,
359 1444 388 1485 et
402 1427 525 1484 Veneris
539 1444 638 1486 contra
652 1428 690 1484 sic
706 1428 781 1484 filius
795 1448 873 1484 orsus
888 1450 894 1484 :

114 1514 122 1538 ‘
138 1509 217 1565 nulla
233 1525 344 1566 tuarum
361 1508 454 1565 audita
468 1508 539 1565 mihi
555 1529 648 1585 neque
663 1509 721 1566 visa
735 1529 871 1576 sororum,

140 1609 285 1666 o-quam
314 1605 341 1646 te
370 1609 535 1657 memorem,
564 1590 665 1664 virgo?
689 1610 812 1667 namque
847 1589 922 1646 haud
951 1585 991 1644 tit

222 1670 316 1726 vultus

143 1751 279 1820 mortalis,
294 1770 347 1807 nec
363 1771 417 1807 vox
433 1751 581 1808 hominem
596 1768 675 1808 sonat
688 1775 697 1820 ;
719 1772 736 1806 o
750 1751 802 1808 dea
817 1767 946 1820 certe,—

143 1852 177 1887 an
195 1831 303 1888 Phoebi
319 1836 416 1888 soror?
438 1853 472 1888 an
489 1833 692 1908 Nympharum
708 1831 849 1905 sanguinis
866 1851 922 1888 una
933 1835 979 1887 ἓ-

143 1911 177 1968 sis
193 1911 273 1981 felix,
288 1928 472 1989 nostrumque
489 1912 571 1981 leves,
588 1932 794 1989 quaecumque,
811 1912 946 1978 laborem,
965 1936 991 1976 32

144 2008 181 2061 et,
197 2014 253 2069 quo
268 1992 319 2049 sub
334 1994 413 2049 caelo
427 1992 553 2063 tandem,
569 1993 671 2070 quibus
685 1992 759 2049 orbis
774 1992 804 2048 in
819 1991 874 2049 oris

143 2073 290 2142 iactemur,
306 2073 427 2139 doceas3
449 2073 536 2148 ignari
552 2073 759 2150 hominumque
775 2073 961 2150 locorumque

144 2174 278 2222 erramus,
293 2171 379 2210 vento
393 2155 449 2210 huc
466 2154 553 2234 vastis
564 2171 592 2210 et
606 2153 740 2211 fluctibus
755 2153 811 2210 acti
826 2175 832 2210 :
856 2217 871 2232 ι

143 2235 233 2309 multa
248 2235 299 2291 tibi
315 2250 379 2291 ante
394 2255 452 2291 aras
467 2250 560 2292 nostra
574 2235 655 2292 cadet
670 2234 759 2291 hostia
773 2233 891 2290 dextra!

184 2330 246 2372 tum
258 2314 358 2372 Venus
372 2337 378 2372 :
400 2315 493 2390 ‘haud
506 2315 637 2392 equidem
650 2315 698 2372 tali
711 2335 756 2372 me
766 2313 867 2388 dignor
877 2311 979 2371 honore

117 2414 121 2425 ’
144 2395 298 2469 virginibus
314 2395 410 2471 Tyriis
425 2415 485 2451 mos
501 2411 542 2452 est
556 2411 662 2470 gestare
677 2397 845 2470 pharetram,

144 2496 342 2553 purpureoque
357 2477 502 2532 altesuras
517 2475 625 2532 vincire
640 2477 789 2532 cothurno·

146 2556 254 2613 Punica
268 2557 452 2629 regnalvides
469 2555 572 2630 Tyrios
588 2573 615 2613 et
630 2556 769 2629 Agenoris
784 2555 885 2612 urbem
899 2580 907 2624 3

144 2636 192 2692 sed
208 2637 277 2693 fines
292 2636 404 2711 Libyci,
420 2657 508 2710 genus
524 2637 701 2693 intractabile
716 2637 802 2692 bello.

144 2717 297 2792 imperium
313 2716 390 2773 Dido
406 2716 495 2791 Tyria
510 2717 580 2790 regit
596 2717 664 2773 urbe
680 2717 817 2791 profecta,
967 2741 991 2779 ³⁴

144 2816 311 2870 germanum
326 2797 447 2872 fugiens.
491 2797 574 2870 longa
589 2814 629 2853 est
645 2797 757 2866 iniuria,
772 2798 872 2870 longae

146 2878 273 2952 ambages
287 2901 296 2946 ;
317 2879 365 2935 sed
380 2897 488 2934 summa
503 2898 601 2954 sequar
616 2877 723 2951 fastigia
737 2898 842 2934 rerum.

145 2958 212 3015 huie
229 2958 355 3015 coniunx
373 2959 514 3032 Sychaeus
530 2973 597 3026 erat,
612 2957 765 3015 ditissimus
780 2957 836 3031 agri

147 3038 336 3108 Phoenicum,
352 3054 380 3095 et
395 3057 497 3111 magno
512 3038 629 3094 miserae
645 3039 765 3094 dilectus
780 3058 886 3106 amore,

146 3119 192 3175 cui
208 3135 286 3194 pater
302 3119 437 3176 intactam
453 3119 568 3175 dederat
584 3118 737 3194 primisque
752 3119 859 3193 iugarat

470 3230 515 3278 333
535 3224 557 3263 et
570 3216 647 3262 vastis.
