2002 3614
308 161 472 211 AENEIDOS
490 161 551 210 LIB.
568 161 593 210 11

23 320 25 339 ι
74 291 173 366 optabam
187 294 312 369 primum
327 310 437 351 montes
452 294 632 372 primumque
647 294 787 370 petebam,

74 371 163 446 abnegat
177 374 268 431 excisa
284 374 371 432 vitam
385 376 540 450 producere
556 375 652 442 Troia,

75 452 228 531 exsiliumque
243 455 312 532 pati.
357 463 421 512 ‘vos
436 477 463 525 0,
478 455 579 532 quibus
594 455 703 528 integer
717 454 778 511 aevi

74 533 170 606 sanguis,'
184 535 230 605 ait,
247 535 426 612 ‘solidaeque
442 556 492 592 suo
506 552 580 593 stant
595 535 694 592 robore
709 535 780 592 vires

74 631 106 668 ros
117 615 204 705 agitate
219 617 326 690 fugam.
866 633 904 681 640

75 711 105 748 ne
116 715 132 751 sr
127 695 291 753 caelicolae
306 697 459 754 voluissent
474 697 576 755 ducere
592 697 686 765 vitam,

75 771 107 828 has
118 775 175 833 mihi
190 795 345 834 servassent
360 778 446 835 sedes.
490 777 552 834 satis
568 799 624 835 una
639 797 777 853 superque

76 851 166 912 vidimus
179 859 298 927 excidia,
315 875 343 916 et
358 876 455 933 captae
471 858 661 934 superavimus
676 857 747 914 urbi.

75 930 101 989 sie
112 956 125 991 o
135 937 168 994 sie
182 938 305 1014 positum
321 940 405 996 adfati
421 939 556 996 discedite
572 959 681 1014 corpus.

76 1010 116 1088 lpse
127 1038 202 1075 manu
217 1036 339 1076 mortem
354 1020 519 1089 inveniam3
541 1019 719 1076 miserebitur
733 1017 830 1086 hostis,

76 1097 212 1181 exuviasque
227 1116 327 1176 petet3
350 1100 461 1156 facilis
455 1117 560 1156 lactura
575 1101 730 1176 sepulchri.¹

76 1179 244 1253 iampridem
237 1180 342 1237 rnvisus
358 1180 428 1236 divis
443 1197 471 1237 et
485 1180 594 1237 inutilis
610 1201 697 1237 annos

76 1252 180 1328 demoror,
196 1280 231 1316 ex
247 1281 303 1336 quo
318 1280 363 1316 me
379 1261 473 1317 divom
489 1278 578 1352 pater
586 1278 684 1364 atque
685 1259 836 1316 hominum
854 1279 902 1315 rex

77 1332 172 1395 fulminis
186 1339 299 1397 adflavit
314 1340 413 1408 ventis,
430 1357 458 1397 et
473 1341 593 1414 contigit
609 1340 684 1415 igni!

77 1415 121 1472 talia
132 1420 262 1495 perstabat
278 1440 444 1489 memorans,
460 1421 587 1498 fixusque
603 1422 743 1478 manebat.
867 1438 904 1484 650

77 1511 110 1551 nos
102 1516 204 1557 sennua
219 1501 299 1557 effusi
317 1502 446 1571 lacrimis,
462 1502 646 1578 coniunxque
661 1501 768 1558 Creusa

76 1573 235 1657 Ascaniusque
250 1581 399 1658 omnisque
414 1583 523 1651 domus,
538 1603 574 1639 ne
590 1599 697 1639 vertere
713 1601 809 1638 secum

76 1671 150 1717 cuneta
163 1679 240 1752 pater
255 1663 369 1739 fatoque
385 1663 514 1736 urguenti
530 1663 695 1720 incumbere
710 1662 806 1733 vellet.

76 1733 192 1813 abnegat,
185 1760 358 1820 inceptoque
374 1760 402 1800 et
417 1743 528 1800 sedibus
543 1746 639 1800 haeret
654 1744 682 1799 in
699 1726 796 1799 isdem.

76 1833 139 1877 rursus
152 1822 179 1879 in
194 1845 270 1881 arma
285 1825 369 1893 feror,
385 1841 562 1914 mortemque
578 1823 747 1881 miserrimus
762 1839 849 1898 opto:

75 1912 120 1956 nun
131 1904 199 1979 quod
214 1869 369 1960 consiliutri
381 1921 428 1960 aut
444 1925 514 1980 quae
529 1904 584 1960 iam
599 1905 711 1960 fortuna
726 1901 864 1960 dabatur?

63 1976 133 2038 ‘uene
146 1985 240 2042 efferre
255 1985 369 2062 pedem,
384 1984 504 2056 genitor,
520 2001 547 2040 te
562 2005 640 2059 posse
656 1983 756 2041 relicto

74 2064 178 2145 sperasti?
199 2082 367 2142 tantumque
384 2065 461 2121 nefas
476 2065 566 2140 patrio
581 2064 687 2121 excidit
702 2084 767 2120 ore
762 2068 770 2107 Ρ

74 2135 87 2191 Sl
98 2141 153 2201 nihil
169 2166 202 2202 ex
219 2163 296 2203 tanta
311 2147 415 2221 superis
432 2147 526 2222 placet
542 2146 610 2201 urbe
626 2144 758 2221 relinqui,

73 2234 92 2274 et
101 2224 165 2283 sedet
178 2229 232 2284 hoc
248 2226 353 2296 animo,
368 2227 566 2318 perituraeque
582 2226 681 2281 addere
697 2223 801 2281 Troiae
868 2241 905 2279 660

73 2313 132 2385 teque
145 2323 260 2384 tuosque
276 2307 362 2376 iuvat,
379 2325 455 2383 patet
472 2307 515 2363 isti
533 2307 614 2363 ianua
629 2307 695 2374 leto,

72 2397 155 2461 lamque
169 2388 257 2445 aderit
272 2388 364 2444 multo
381 2388 484 2445 Priami
500 2388 535 2444 de
551 2388 686 2460 sanguine
703 2387 833 2460 Pyrrhus,

73 2477 144 2524 uatum
157 2486 220 2526 ante
235 2489 283 2525 ora
297 2468 390 2545 patris,
407 2487 515 2545 patrem
532 2489 579 2546 qur
574 2469 747 2524 obtruncat
761 2466 796 2522 ad
811 2487 875 2522 aras

72 2537 108 2598 hoc
121 2565 179 2618 erat,
194 2550 267 2606 alma
281 2570 391 2625 parens,
407 2551 481 2640 quod
498 2570 542 2605 me
558 2570 607 2625 per
623 2551 686 2616 tela,
702 2569 752 2624 per
767 2547 845 2621 ignes

73 2620 138 2697 eripis,
152 2647 193 2686 ut
189 2630 294 2686 mediis
309 2631 371 2686 host
362 2646 418 2686 tem
434 2631 463 2686 in
479 2629 679 2720 penetralibus
696 2646 784 2704 utque

73 2699 196 2766 Ascanium
211 2727 378 2787 patremque
393 2731 489 2767 meum
506 2711 641 2786 iuxtaque
658 2710 795 2766 Creusam

74 2780 187 2847 alterum
180 2812 210 2847 nn
226 2791 343 2847 alterius
360 2808 496 2848 mactatos
513 2791 650 2864 sanguine
666 2793 804 2846 cernam?

74 2877 134 2937 artur,
147 2870 206 2942 viri,
222 2872 296 2929 ferte
313 2892 408 2928 arma:
430 2887 514 2928 vocat
530 2872 578 2928 lux
596 2871 696 2928 ultima
712 2870 812 2926 victor.

75 2942 157 3005 reddite
171 2972 214 3008 me
229 2953 358 3020 Danais;
380 2952 464 3008 sinite
480 2952 634 3008 instaurata
651 2951 770 3006 revisam
869 2966 905 3014 ⁶⁶9

76 3027 163 3090 PsOsslla
203 3053 361 3110 numquam
377 3054 475 3089 omnes
491 3033 577 3089 hodie
594 3031 749 3087 moriemur
764 3028 871 3085 inulti'

104 3103 156 3166 hinc
170 3112 241 3170 ferro
257 3114 392 3187 accingor
407 3135 509 3182 rursus,
526 3113 678 3188 clipeoque
694 3109 836 3166 sinistram

366 3206 412 3263 667
429 3215 538 3254 nructnto.
