2002 3614
346 199 371 242 P.
390 195 530 243 VERGILI
550 197 706 244 MARONIS

114 347 129 381 a
145 343 231 401 tergo,
247 326 347 382 infelix
363 347 416 402 qua
431 347 469 394 se,
483 325 551 382 dum
566 347 651 400 regna
666 327 828 396 manebant,

114 407 221 482 saepius
235 408 435 463 Andromache
451 407 524 464 ferre
538 407 704 464 incomitata
719 409 826 466 solebat

113 487 147 543 ad
162 508 281 555 soceros,
296 503 324 544 et
339 508 390 544 avo
403 508 524 564 puerum
539 489 711 563 Astyanacta
725 490 861 548 trahebat.

113 568 200 623 evado
215 568 249 624 ad
264 568 366 624 summi
382 568 490 641 fastigia
505 568 649 638 culminis,
665 570 741 626 unde

113 649 168 704 tela
183 669 268 704 manu
285 649 367 705 miser
393 648 535 705 iactabant
549 649 633 705 inrita
649 649 769 708 Teucri.

113 729 212 785 turrim
228 729 257 785 in
273 729 419 806 praecipiti
436 745 556 785 stantem
572 729 745 807 summisque
761 732 813 788 sub
828 747 896 790 astra
929 745 959 795 460

113 810 244 866 eductam
260 810 352 878 tectis,
368 810 443 866 unde
458 809 551 866 omnis
566 809 655 866 Troia
669 811 757 867 videri

111 906 140 946 et
155 890 286 947 Danaum
302 891 399 947 solitae
415 911 497 946 naves
514 906 541 948 et
555 890 682 947 Achaica
698 908 795 962 castra,

112 971 230 1045 adgressi
246 971 319 1028 ferro
334 971 453 1040 circum,
469 992 522 1046 qua
538 991 646 1027 summa
661 971 787 1030 labantes

111 1050 257 1107 iuncturas
272 1052 395 1108 tabulata
409 1052 523 1120 dabant,
539 1051 729 1109 convellimus
743 1052 807 1110 altis

112 1131 231 1201 sedibus,
248 1132 480 1208 inpulimusque:
504 1152 535 1187 ea
551 1132 625 1209 lapsa
639 1149 756 1209 repente
771 1133 882 1190 ruinam

112 1232 178 1269 curn
194 1213 287 1270 sonitu
304 1212 397 1281 trahit,
413 1228 441 1269 et
456 1212 589 1269 Danaum
605 1232 686 1288 super
701 1214 814 1287 agmina
829 1216 883 1272 late

111 1293 221 1350 incidit.
264 1309 303 1350 ast
318 1293 364 1349 alii
379 1292 502 1349 subeunt
515 1317 524 1361 3
546 1313 599 1350 nec
615 1314 689 1363 saxa,
704 1315 757 1351 nec
775 1295 868 1352 ullum

153 1395 233 1431 orum
248 1374 355 1430 interea
370 1389 457 1430 cessat
472 1393 569 1447 genus.

110 1455 282 1512 vestibulum
297 1470 362 1511 ante
377 1454 468 1531 ipsum
483 1453 632 1531 primoque
648 1455 678 1511 in
693 1454 794 1512 limine
811 1456 927 1532 Pyrrhus

112 1537 232 1592 exsultat
248 1535 310 1592 telis
325 1551 352 1591 et
368 1535 432 1592 luce
448 1554 580 1591 coruscus
594 1544 680 1592 aena:
931 1557 962 1596 470

111 1616 200 1692 qualis
215 1615 262 1671 ubi
278 1616 308 1671 in
324 1615 418 1673 lucem
434 1614 551 1672 coluber
565 1616 638 1672 mala
653 1615 779 1690 gramina
794 1633 896 1692 pastus,

112 1696 211 1770 frigida
225 1695 276 1752 sub
291 1712 363 1752 terra
378 1695 521 1753 tumidum
536 1716 621 1772 quem
638 1695 736 1753 bruma
751 1698 876 1772 tegebat,

111 1797 189 1833 nunc
205 1776 300 1852 positis
315 1796 403 1832 novus
419 1776 528 1833 exuviis
543 1776 706 1854 nitidusque
722 1776 850 1848 iuventa,

112 1858 220 1914 lubrica
235 1856 382 1914 convolvit
397 1855 506 1914 sublato
521 1872 635 1932 pectore
651 1872 727 1931 terga

110 1939 211 1995 arduus
227 1939 261 1994 ad
276 1939 374 2007 solem,
389 1953 417 1993 et
432 1937 535 2010 linguis
549 1937 636 1993 micat
651 1957 699 1994 ore
714 1937 848 1997 trisulcis.

87 1998 167 2075 ”rma
182 2019 280 2091 ingens
297 2018 429 2095 Periphas
444 2033 472 2074 et
487 2038 625 2093 equorum
641 2017 758 2092 agitator
774 2019 897 2077 Achillis

111 2099 229 2174 armiger
243 2099 434 2166 Automedon,
451 2119 507 2154 una
521 2098 613 2154 omnis
630 2098 728 2173 Scyria
742 2099 833 2174 pubes

111 2181 267 2237 succedunt
283 2197 369 2249 tecto,
384 2195 412 2236 et
427 2178 551 2235 flammas
566 2179 600 2235 ad
615 2178 742 2235 culmina
757 2179 873 2238 iactant.

111 2262 168 2335 ipse
184 2261 258 2316 inter
273 2261 377 2336 primos
392 2275 520 2335 correpta
534 2258 603 2316 dura
618 2259 737 2336 bipenni

110 2341 210 2396 limina
224 2340 390 2416 perrumpit,
407 2356 554 2416 postesque
570 2361 585 2396 a
600 2339 714 2396 cardine
729 2340 810 2398 vellit
930 2348 964 2397 480

111 2437 214 2477 aeratos
228 2445 236 2489 3
258 2421 370 2497 iamque
386 2420 478 2476 excisa
493 2420 569 2476 trabe
585 2420 664 2475 firma
680 2420 789 2477 cavavit

110 2501 216 2567 robora,
232 2517 259 2556 ct
275 2501 421 2574 ingentem
437 2501 492 2556 lato
507 2500 585 2556 dedit
601 2521 647 2556 ore
664 2501 826 2558 fenestram.

110 2597 223 2656 apparet
239 2581 337 2637 domus
352 2581 437 2647 intus,
454 2596 480 2636 et
497 2581 565 2636 atria
579 2582 663 2653 longa
677 2596 827 2654 patescunt
841 2607 864 2651 3.

110 2677 244 2737 apparent
261 2660 364 2717 Priami
380 2677 408 2717 et
424 2676 551 2717 veterum
565 2661 719 2736 penetralia
733 2681 843 2735 regum,

111 2758 283 2816 armatosque
299 2741 396 2797 vident
412 2756 515 2796 stantes
530 2741 559 2797 in
576 2741 675 2797 limine
691 2741 792 2816 primo.

151 2837 178 2877 at
193 2822 291 2877 domus
307 2821 424 2878 interior
439 2821 545 2895 gemitu
561 2821 719 2898 miseroque
735 2823 861 2879 tumultu

110 2902 265 2970 miscetur3
287 2902 458 2978 penitusque
474 2922 557 2958 cavae
572 2901 755 2978 plangoribus
771 2904 852 2959 aedes

110 2982 240 3038 femineis
257 2982 367 3038 ululant
381 3007 389 3050 ;
412 2982 476 3039 ferit
491 3003 573 3039 aurea
587 2983 675 3038 sidera
690 2982 807 3039 clamor.

111 3079 171 3118 tum
187 3062 303 3136 pavidae
320 3062 401 3119 tectis
417 3079 518 3119 matres
533 3062 694 3136 ingentibus
710 3078 815 3133 errant,

110 3143 314 3217 amplexaeque
330 3157 430 3199 tenent
444 3158 545 3219 postes,
560 3159 643 3220 atque
658 3143 754 3199 oscula
769 3143 869 3218 figunt.
932 3145 981 3191 ⁴9⁰

110 3222 193 3278 instat
209 3223 233 3277 vi
250 3223 337 3298 patria
354 3224 475 3296 Pyrrhus
490 3247 498 3291 ;
520 3243 572 3280 nec
589 3223 718 3291 claustra,
734 3243 827 3300 neque
842 3220 891 3298 ipsi
