2002 3614
319 194 485 241 AENEIDOS
503 193 564 240 LIB.
583 194 593 239 l

53 326 146 401 viginti
161 341 263 396 tauros,
279 346 449 400 magnorum
464 326 607 383 horrentia
622 341 740 383 centum

52 423 121 481 terga
135 427 226 476 suum,
239 406 361 484 pingues
376 423 495 464 centum
510 427 577 464 eum
592 407 727 464 matribus
742 427 837 482 agnos,

50 508 163 545 munera
177 487 370 564 laetitiamque
385 488 441 544 dei.

50 586 75 626 at
87 569 187 626 domus
202 569 319 625 interior
334 568 420 642 regali
436 567 583 642 splendida
597 569 667 626 luxu

50 651 203 719 instruitur,
220 649 377 725 mediisque
392 663 492 724 parant
508 649 638 706 convivia
653 655 755 707 tectis:

50 748 102 788 arte
118 731 258 789 laboratae
273 746 364 787 vestes
378 745 509 807 ostroque
524 731 653 806 superbo,

51 812 145 886 ingens
160 828 311 886 argentum
327 811 441 881 mensis,
456 811 619 889 caelataque
635 813 664 867 in
680 833 746 868 auro
857 831 909 878 ‚640

53 893 129 950 fortia
143 893 218 950 facta
233 908 356 969 patrum,
371 892 453 948 series
469 892 629 965 longissima
643 913 738 950 rerum

54 994 96 1048 per
111 989 153 1031 tot
167 974 254 1031 ducta
269 973 342 1030 viros
357 973 472 1051 antiqua
487 973 521 1029 ab
536 973 643 1048 origine
658 974 758 1047 gentis.

88 1056 333 1131 Aeneas—neque
349 1055 427 1110 enim
442 1055 547 1130 patrius
563 1055 713 1112 consistere
730 1071 856 1111 mentem

56 1155 141 1210 passus
156 1135 406 1211 amor-rapidum
422 1136 456 1192 ad
471 1156 554 1191 naves
569 1135 724 1212 praemittit
738 1136 877 1202 Achaten,

60 1216 171 1273 Ascanio
185 1216 257 1273 ferat
272 1217 351 1284 haec,
366 1216 516 1293 ipsumque
531 1216 566 1272 ad
581 1215 692 1273 moenia
707 1216 791 1272 ducat
805 1241 813 1285 ;

62 1297 141 1354 omnis
156 1297 185 1353 in
201 1297 326 1353 Ascanio
341 1297 398 1355 cari
413 1312 465 1353 stat
480 1317 547 1352 cura
561 1296 692 1373 parentis.

64 1395 167 1434 munera
181 1393 326 1454 praeterea
341 1377 434 1433 Iliacis
451 1393 546 1453 erepta
560 1377 648 1433 ruinis

68 1456 124 1514 ferre
137 1458 226 1528 iubet,
241 1458 346 1534 pallam
361 1457 445 1531 signis
461 1478 582 1534 auroque
598 1458 736 1531 rigentem

69 1551 89 1592 et
100 1539 316 1596 circumtextum
331 1559 432 1595 croceo
446 1539 576 1595 velamen
592 1541 722 1607 acantho,

72 1635 162 1676 ornatus
176 1616 306 1711 Argillael
315 1619 543 1707 Helessmgueff
555 1619 604 1703 illa
620 1620 655 1676 M
676 1619 835 1701 cenis-,m
875 1638 913 1684 ⁶50

75 1695 184 1774 Pergama
199 1709 392 1777 cumpeteret
407 1639 837 1777 inconcessosque'hynienaeos,

10 1822 15 1833 ,
77 1781 197 1850 extulerat,
214 1780 311 1838 matris
326 1780 421 1837 Ledae
436 1780 564 1837 mirabile
579 1781 687 1837 donum
700 1805 708 1849 ;

78 1876 192 1930 praeterea
206 1877 360 1937 sceptrum,
377 1861 469 1918 Ilione
485 1861 559 1938 quod
574 1877 692 1936 gesserat
707 1861 786 1932 olim,

79 1941 174 1999 maxima
187 1958 319 1999 natarum
336 1941 447 2011 Priami,
464 1942 597 2019 colloque
612 1941 719 1999 monile

80 2015 181 2080 bacatum
196 2039 224 2080 et
239 2022 386 2099 duplicem
402 2022 520 2096 gemmis
536 2043 659 2100 auroque
674 2043 817 2080 coronam.

81 2096 128 2158 haec
141 2105 262 2161 celerans
278 2103 331 2160 iter
346 2104 380 2160 ad
396 2124 479 2160 naves
495 2104 629 2161 tendebat
642 2105 774 2161 Achates.

108 2197 128 2238 at
140 2183 279 2260 Cytherea
294 2204 379 2240 novas
396 2200 476 2254 artes,
492 2206 564 2242 nova
578 2201 693 2262 pectore
708 2199 797 2242 versat

83 2263 178 2332 consilia,
195 2281 226 2322 ut
241 2265 345 2321 faciem
361 2281 485 2322 mutatus
501 2283 528 2323 et
543 2287 591 2322 ora
606 2265 720 2342 Cupido

83 2344 194 2426 predulci
210 2345 336 2402 Ascanio
351 2346 457 2415 veniat,
472 2347 608 2424 donisque
624 2348 767 2403 furentem

83 2426 186 2484 utendat
200 2426 329 2501 reginam
345 2441 429 2503 atque
444 2427 550 2483 ossibus
565 2427 684 2503 inplicet
699 2428 804 2501 ignem.
877 2444 915 2482 660

83 2502 161 2582 quippe
173 2508 292 2565 domum
305 2507 387 2564 timet
402 2506 564 2582 ambiguam
577 2509 736 2584 Tyriosque
752 2509 892 2583 bilingues
906 2532 914 2575 ;

84 2581 121 2639 urit
131 2602 201 2645 atrox
218 2590 304 2658 Iuno,
320 2604 348 2645 et
363 2588 414 2644 sub
430 2605 544 2645 noctem
561 2609 626 2646 cura
642 2606 774 2648 recursat.

84 2677 127 2735 ergo
138 2668 174 2726 his
188 2669 326 2744 aligerum
342 2668 424 2725 dictis
440 2669 549 2725 adfatur
564 2671 698 2726 Amorem
713 2693 719 2726 :

72 2739 135 2814 ‘uate
148 2768 222 2806 meae
236 2750 320 2817 vires,
336 2769 398 2805 mea
413 2769 513 2822 magna
530 2750 654 2825 potentia
669 2752 752 2819 solus,

84 2836 136 2895 uate,
149 2828 231 2886 Patris
247 2829 352 2886 summi
369 2829 416 2905 qui
433 2831 489 2887 tela
505 2830 639 2906 Typhoia
655 2831 767 2900 temnis,

84 2901 106 2957 ad
117 2921 137 2963 te
150 2911 281 2986 confugio
296 2926 325 2967 et
340 2910 459 2986 supplex
476 2927 523 2968 tua
539 2911 658 2967 numina
673 2932 765 2986 posco.

85 2979 144 3070 frater
157 3007 184 3048 ut
197 2993 308 3048 Aeneas
324 2992 424 3067 pelago
436 2995 504 3049 'tuus
521 2992 615 3048 omnia
631 2992 738 3048 circum

85 3057 142 3125 litora
153 3070 269 3130 iactetur
284 3072 355 3128 odiis
371 3072 489 3129 Iunonis
505 3074 629 3141 acerbae,

86 3157 130 3203 uota
142 3151 195 3221 tibi,
211 3170 238 3210 et
255 3169 351 3209 nostro
366 3152 478 3209 doluisti
495 3175 576 3231 saepe
592 3155 699 3213 dolore.

128 3240 165 3298 ⁶5⁶
178 3245 212 3289 dr'r',
247 3245 292 3301 642
310 3244 423 3304 antiquae.
464 3247 512 3294 668
529 3250 685 3316 iacteturque.
723 3252 828 3315 iniquae.

10 3310 21 3359 l
