2002 3614
339 191 505 238 AENEIDOS
523 191 584 239 LIB.
603 193 629 238 V
905 203 948 252 105

87 321 221 378 ardentes
236 323 303 378 dare
318 320 376 378 visa
392 321 487 378 faces:
510 321 584 378 “hic
600 321 728 399 quaerite
744 321 866 378 Troiam
875 346 884 390 3

86 402 136 459 hic
151 401 253 458 domus
265 401 337 472 est,''
348 401 454 478 inquit,
467 406 486 432 ‘⁴
494 402 604 460 vobis.''
638 402 696 459 iam
709 418 821 479 tempus
833 401 877 476 agi
888 421 931 459 res
942 427 950 472 3

87 502 142 539 nec
159 482 245 539 tantis
261 502 340 539 mora
354 482 500 574 prodigiis.
542 503 579 540 en
595 498 730 560 quattuor
745 504 808 540 arae

87 563 249 639 Neptuno.
271 563 364 620 deus
357 583 417 639 1pse
432 563 508 621 faces
523 563 711 640 animumque
725 563 889 621 ministrat'
914 582 952 630 640

86 646 160 700 haec
175 663 337 700 memorans
352 643 443 720 prima
458 643 648 701 infensum
622 665 649 700 v1
666 644 784 720 corripit
799 644 906 722 ignem,

86 724 259 816 sublataque
273 725 374 800 procul
394 724 494 782 dextra
509 724 613 781 conixa
629 739 768 794 coruscat,

86 820 116 862 et
131 804 211 863 iacit.
253 820 380 862 arrectae
395 820 506 863 mentes
522 806 740 882 stupefactaque
755 806 841 862 corda

86 884 224 943 Iliadum.
267 885 316 942 hic
332 905 388 942 una
404 905 420 942 e
435 886 533 943 multis
549 907 622 963 quae
637 886 760 943 maxima
776 901 855 956 natu,

88 967 191 1041 Pyrgo,
206 981 250 1022 tot
266 965 372 1023 Priami
388 982 521 1024 natorum
536 967 612 1040 regia
628 967 743 1024 nutrix:

66 1052 147 1103 ‘non
164 1047 256 1103 Beroe
270 1046 360 1117 vobis,
376 1067 435 1103 non
451 1049 522 1104 haec
539 1048 691 1118 Rhoeteia,
706 1064 820 1117 matres,

87 1142 130 1184 est
145 1126 268 1203 Dorycli
283 1126 430 1185 coniunx:
452 1127 543 1185 divini
560 1127 638 1202 signa
653 1127 773 1198 decoris,

87 1207 280 1284 ardentesque
297 1222 395 1265 notate
410 1207 527 1277 oculos3
549 1208 598 1285 qui
614 1208 728 1285 spiritus
743 1207 796 1278 illi,

87 1287 138 1364 qui
153 1287 261 1357 vultus,
275 1287 411 1364 vocisque
426 1309 520 1358 sonus,
536 1288 582 1345 vel
598 1308 706 1363 gressus
721 1287 813 1347 eunti.

88 1367 149 1444 ipsa
165 1383 279 1442 egomet
297 1367 407 1424 dudum
423 1368 535 1424 Bero'e‘n
550 1368 673 1442 digressa
688 1368 791 1445 reliqui
914 1385 953 1434 650

87 1468 212 1522 aegram,
226 1446 438 1522 indignantem,
454 1448 505 1505 tali
520 1449 598 1525 quod
613 1450 671 1506 sola
686 1464 795 1506 careret

87 1548 219 1599 munere,
235 1548 290 1585 nec
305 1528 421 1586 meritos
435 1529 579 1587 Anchisae
595 1529 716 1586 inferret
730 1528 873 1586 honores?

87 1611 160 1666 haec
176 1609 271 1667 effata

88 1706 117 1747 at
132 1702 238 1747 matres
252 1690 345 1766 primo
361 1689 501 1766 ancipites
516 1689 665 1782 oculisque
680 1689 813 1765 malignis

89 1770 241 1862 ambiguae
256 1785 385 1846 spectare
400 1787 474 1829 rates
490 1770 625 1828 miserum
641 1771 717 1829 inter
732 1790 858 1828 amorem

89 1849 248 1928 praesentis
264 1865 353 1907 terrae
369 1850 493 1929 fatisque
508 1851 642 1909 vocantia
657 1871 752 1925 regna,

90 1951 157 1989 cum
171 1931 226 1989 dea
241 1951 270 1988 se
285 1931 399 2008 paribus
413 1953 465 2009 per
480 1933 594 1989 caelum
609 1932 724 1989 sustulit
739 1932 791 1989 alis

90 2011 298 2088 ingentemque
313 2011 380 2086 fuga
394 2012 486 2070 secuit
501 2012 552 2070 sub
570 2013 695 2070 nubibus
710 2033 826 2070 arcum:

91 2107 153 2150 turn
167 2113 237 2149 vero
251 2092 391 2149 attonitae
407 2093 540 2151 monstris
555 2108 693 2170 actaeque
709 2093 805 2150 furore

90 2173 287 2243 conclamant,
298 2171 472 2251 rapiuntque
484 2172 555 2231 focis
567 2173 763 2251 penetralibus
776 2173 892 2248 ignem;
916 2190 954 2230 6⁶0

91 2275 152 2330 pars
168 2252 295 2329 spoliant
310 2273 379 2323 aras,
395 2253 528 2310 frondem
544 2275 575 2311 ac
590 2254 713 2328 virgulta
729 2254 863 2330 facesque

91 2334 253 2391 coniciunt.
296 2333 366 2390 furit
381 2331 504 2391 inmissis
520 2335 670 2392 Vulcanus
685 2334 804 2391 habenis

93 2429 214 2472 transtra
230 2434 282 2490 per
296 2429 324 2472 et
340 2434 431 2471 remos
448 2430 476 2472 et
491 2414 581 2492 pictas
597 2415 691 2472 abiete
705 2436 826 2491 puppes.

92 2495 212 2552 nuntius
227 2494 371 2551 Anchisae
386 2494 422 2551 ad
438 2496 583 2552 tumulum
598 2515 762 2586 cuneosque
778 2495 882 2552 theatri

92 2576 223 2633 incensas
238 2575 346 2652 perfert
363 2597 447 2632 naves
462 2576 609 2646 Eumelus,
625 2591 653 2633 et
668 2576 721 2651 ipsi

93 2656 252 2734 respiciunt
267 2671 357 2712 atram
372 2656 402 2712 in
418 2656 517 2715 nimbo
532 2657 652 2713 volitare
668 2656 805 2715 favillam.

92 2737 200 2813 primus
215 2753 246 2794 et
259 2736 408 2806 Ascanius,
424 2757 521 2794 cursus
538 2754 570 2794 ut
585 2737 675 2793 laetus
691 2753 835 2814 equestres

92 2818 226 2888 ducebat,
242 2817 282 2874 sic
298 2837 363 2873 acer
378 2838 451 2894 equo
468 2820 580 2875 turbata
594 2817 698 2894 petivit

92 2915 191 2969 castra,
209 2918 263 2954 nec
280 2897 424 2954 exanimes
440 2914 558 2975 possunt
573 2899 697 2956 retinere
713 2898 848 2973 magistri.

75 2980 154 3056 ‘quis
166 2979 247 3036 furor
262 2978 316 3034 iste
328 2983 434 3035 novus?
454 3000 511 3056 quo
527 3000 615 3049 nunc,
628 3000 685 3056 quo
698 2979 835 3049 tenditis,’
848 2977 952 3053 inquit,

75 3062 147 3117 ‘heu
164 3060 285 3117 miserae
301 3058 395 3116 cives?
416 3080 474 3116 non
490 3061 602 3116 hostem
617 3060 792 3136 inimicaque
808 3073 898 3115 castra
917 3074 952 3121 671

92 3140 238 3216 Argivom,
253 3154 360 3196 vestras
375 3160 436 3216 spes
452 3140 542 3198 uritis.
586 3161 631 3210 en,
648 3161 699 3215 ego
713 3156 806 3196 vester

93 3220 231 3278 Ascanius
242 3218 266 3277 !’
289 3218 398 3292 galeam
413 3236 480 3277 ante
495 3221 581 3295 pedes
598 3220 718 3296 proiecit
733 3220 858 3285 inanem,
