2002 3614
306 178 471 226 AENEIDOS
489 178 551 225 LlB.
569 177 606 225 VI

61 325 94 367 ut
108 309 234 385 primum
250 307 329 366 iuxta
343 307 421 366 stetit
436 307 625 384 adgnovitque
640 328 690 384 per
705 308 816 365 umbras

60 391 223 459 obscuram,
239 389 354 466 qualem
369 388 463 465 primo
477 388 526 465 qui
542 408 654 463 surgere
668 409 766 446 mense

61 486 111 528 aut
125 469 204 527 videt
219 484 268 527 aut
282 469 384 526 vidisse
399 485 481 546 putat
495 490 545 545 per
560 470 658 527 nubila
673 470 780 537 lunam,

129 551 176 608 isit
192 551 331 620 lacrimas,
347 550 483 627 dulcique
499 550 607 608 adfatus
623 571 717 607 amore
732 565 794 607 est:

10 551 165 734 strifinx
180 630 269 700 Dido,
283 651 364 688 verus
379 630 451 688 mihi
467 631 584 687 nuntius
599 649 664 704 ergo

61 728 179 770 venerat
195 711 376 781 exstinctam,
391 712 524 789 ferroque
540 727 665 770 extrema
677 715 826 769 secutam?

61 794 168 851 funeris
184 795 241 850 heu
258 791 308 849 tibi
325 812 407 849 causa
422 792 486 861 fui?
526 812 577 866 per
592 791 685 848 sidera·
696 792 769 861 iuro,

59 894 119 967 per
124 893 252 964 superos,
265 888 294 929 et
308 873 330 929 si
346 893 401 949 qua
416 872 484 929 fides
498 873 600 930 tellure
615 872 689 929 sub·
681 893 738 930 rma
754 888 804 942 est,
861 895 863 899 ⁴

61 954 179 1023 invitus,
194 953 301 1028 regina,
317 970 366 1010 tuo
380 953 415 1010 de
431 953 512 1011 litore
528 954 608 1011 cessi.
826 971 864 1023 ff
887 970 926 1018 460

60 1035 109 1092 sed
124 1055 171 1092 me
186 1033 261 1091 iussa
275 1033 372 1103 deum,
387 1054 460 1110 quae
475 1054 553 1090 nunc
569 1034 640 1090 has
633 1053 674 1090 tre
688 1054 739 1110 per
754 1033 875 1102 umbras,

60 1136 111 1207 per
126 1116 190 1171 loca
204 1129 284 1172 senta
298 1114 353 1171 situ
369 1129 475 1188 cogunt
490 1129 663 1191 noctemque
676 1114 857 1191 profundam,

60 1195 188 1273 imperiis
204 1214 285 1270 egere
300 1195 378 1264 suis;
399 1214 452 1251 nec
468 1195 582 1252 credere
597 1195 675 1272 quivi

60 1279 144 1333 hunc
155 1290 269 1333 tantum
284 1275 336 1333 tibi
351 1295 397 1332 me
412 1275 536 1333 discessu
552 1276 623 1333 ferre
638 1276 774 1334 dolorem.

60 1356 126 1414 siste
140 1355 272 1432 gradum,
288 1371 373 1433 teque
388 1372 502 1432 aspectu
519 1377 555 1413 ne
570 1357 821 1414 subtrahenostro.
836 1377 878 1407 ιο

60 1458 148 1514 quem
158 1437 252 1510 fugis?
265 1451 433 1507 ,extremum
445 1437 512 1506 fato,
522 1437 597 1513 quod
609 1453 637 1493 te
646 1437 793 1514 adloquor,
802 1439 855 1494 hoc
866 1435 924 1494 est.’

62 1518 165 1575 talibus
181 1518 293 1574 Aeneas
308 1517 454 1574 ardentem
472 1533 500 1574 et
516 1533 593 1575 torva
609 1531 740 1574 tuentem

61 1598 171 1656 lenibat
186 1597 270 1655 dictis
285 1597 423 1667 animum,
441 1596 626 1674 lacrimasque
641 1597 742 1655 siebat.

61 1679 111 1736 illa
126 1679 189 1736 solo
203 1677 272 1735 fixos
286 1678 384 1735 oculos
399 1698 495 1735 aversa
512 1678 646 1754 tenebat
639 1723 647 1747 ,

63 1780 116 1817 nec
132 1759 220 1833 magis
236 1759 352 1834 incepto
367 1759 481 1816 vultum
496 1775 628 1816 sermono
640 1775 779 1828 movetur,
818 1777 825 1817 ι
843 1772 859 1810 δ
889 1789 927 1826 470

63 1861 147 1918 quarn
162 1860 186 1896 s1
178 1839 272 1896 dura
286 1840 358 1896 silex
373 1854 421 1896 aut
436 1855 490 1896 stet
506 1839 771 1931 Marpesiacautes.

62 1921 179 1979 tandem
194 1920 332 1997 corripuit
346 1939 415 1989 sese,
430 1935 515 1997 atque
530 1918 648 1977 inimica
662 1915 764 1993 refugit¹

63 2003 92 2058 in
108 2022 210 2059 nemus
226 2001 423 2068 umbriferum,
439 2000 567 2058 coniunx
581 2000 631 2057 ubi
647 2000 783 2075 pristinus
798 1999 840 2056 illi

62 2082 215 2174 respondet
230 2080 315 2151 curis,
330 2096 489 2158 aequatque
506 2082 670 2172 Sychaeus
664 2100 798 2138 amorem.

63 2184 116 2221 nec
132 2163 228 2221 minus
243 2163 365 2231 Aeneas,
382 2181 447 2218 casu
464 2181 616 2219 concussus
631 2160 740 2237 iniquo,
796 2170 852 2219 30

62 2243 242 2322 prosequitur
256 2241 379 2300 lacrimis
395 2241 478 2334 longe
494 2258 522 2300 et
537 2241 684 2298 miseratur
698 2256 846 2327 eunteny

103 2325 171 2382 inde
186 2323 285 2381 datum
300 2323 439 2380 molitur
432 2338 494 2381 iter.
536 2322 649 2399 iamque
665 2342 730 2378 arva
746 2322 882 2380 tenebant

63 2406 175 2475 ultima,
189 2425 261 2481 quae
277 2403 354 2460 bello
369 2403 437 2460 clari
453 2418 561 2460 secreta
575 2402 769 2494 frequentant.

62 2487 109 2544 hic
125 2486 168 2543 illi
184 2485 311 2542 occurrit
327 2484 454 2560 Tydeus,
470 2483 516 2540 hic
533 2483 658 2541 inclutus
673 2483 755 2540 armis

65 2568 295 2642 Parthenopaeus
310 2580 339 2622 et
352 2564 464 2621 Adrasti
480 2564 612 2640 pallentis
628 2563 741 2638 imago;
889 2581 927 2630 480

64 2648 109 2704 hic
126 2647 252 2703 multum
267 2644 326 2702 fleti
342 2644 377 2702 ad
392 2665 506 2722 superos
522 2645 656 2721 belloque
672 2644 773 2702 caduci

64 2726 251 2795 Dardanidae,
268 2747 338 2803 quos
353 2725 402 2782 ille
418 2746 516 2782 omnes
532 2726 618 2799 longo
633 2725 732 2781 ordine
748 2745 866 2782 cernens

64 2807 214 2881 ingemuit,
232 2807 446 2882 Glaucumque,
463 2806 673 2882 Medontaque,
687 2806 925 2862 Thersilochum-

142 2909 210 2966 que,

65 2985 117 3026 tres
130 2967 331 3036 Antenoridas,
347 2966 504 3043 Cererique
519 2987 629 3023 sacrum
647 2967 834 3042 Polypheten‚

65 3050 250 3126 Idaeumque,
265 3047 353 3104 etiam
369 3068 475 3115 currus,
493 3048 578 3104 etiam
593 3067 669 3103 arma
684 3063 839 3103 tenentem.

66 3131 247 3189 circumstant
263 3128 376 3186 animae
391 3128 490 3184 dextra
505 3128 639 3203 laevaque
654 3128 825 3203 frequentes.

375 3220 422 3279 476
441 3220 571 3265 lacrimans.
