2002 3614
320 192 485 242 AENEIDOS
503 192 565 241 LIB.
582 194 620 240 VI
874 206 918 254 ¹³3

56 340 214 398 corporeae
229 321 376 380 excedunt
389 337 492 399 pestes,
507 322 678 400 penitusque
694 342 809 381 necesse
824 337 866 379 est

55 403 150 460 multa
165 402 215 460 diu
231 419 365 461 concreta
380 403 472 460 modis
487 402 645 461 inolescere
660 403 747 461 miris.

57 503 125 558 ergo
140 500 312 541 exercentur
326 484 434 561 poenis,
449 499 637 561 veterumque
652 484 792 541 malorum

56 563 200 640 supplicia
215 565 391 644 expendunt.
435 564 507 622 aliae
523 564 689 640 panduntur
702 563 802 620 inanes
883 592 920 630 ⁷40

56 664 212 720 suspensae
227 645 262 703 ad
277 662 395 715 ventos3
417 645 480 702 aliis
495 646 547 702 sub
562 644 672 719 gurgite
687 659 765 701 vasto

55 724 202 781 infectum
217 725 324 782 eluitur
338 727 439 796 scelus,
456 741 504 783 aut
520 725 648 783 exuritur
662 724 731 799 igni.
762 763 765 769 -

56 804 180 882 quisque
195 825 258 863 suos
272 806 398 883 patimur
414 807 537 875 Manes3
560 805 664 864 exinde
678 825 730 882 per
744 805 872 881 amplum

56 884 203 942 mittimur
217 886 346 962 Elysium
362 902 391 944 et
404 887 489 964 pauci
506 886 580 943 laeta
595 907 659 943 arva
674 902 816 954 tenemus,

55 965 153 1022 donec
169 965 253 1039 longa
267 966 336 1036 dies,
352 967 481 1044 perfecto
497 966 631 1043 temporis
646 967 722 1036 orbe,

56 1060 224 1102 concretam
240 1046 347 1103 exemit
363 1047 466 1117 labem,
481 1067 643 1124 purumque
658 1046 775 1123 reliquit

57 1125 220 1183 aetherium
235 1146 349 1183 sensum
365 1142 450 1204 atque
466 1127 542 1184 aurai
557 1127 696 1204 simplicis
710 1127 815 1202 ignem.

56 1208 108 1262 has
124 1225 232 1275 omnes,
248 1205 297 1262 ubi
314 1207 393 1264 mille
409 1223 501 1265 rotam
516 1208 632 1265 volvere
647 1229 698 1284 per
712 1228 810 1277 annos,

56 1287 222 1343 Lethaeum
238 1286 274 1343 ad
289 1286 409 1344 fluvium
426 1288 495 1345 deus
512 1305 611 1345 evocat
627 1288 739 1363 agmine
754 1308 865 1362 magno,
892 1348 895 1354 ,

56 1365 171 1423 scilicet
187 1366 359 1426 inmemores
375 1389 475 1445 supera
490 1384 522 1427 ut
537 1389 664 1426 convexa
679 1368 801 1425 revisant
883 1396 921 1434 750

55 1467 152 1504 rursus
168 1463 197 1504 et
212 1447 353 1524 incipiant
368 1449 398 1505 in
415 1470 532 1525 corpora
546 1449 623 1506 velle
638 1446 758 1506 reverti!

98 1528 212 1585 dixerat
226 1529 375 1600 Anchises,
393 1545 552 1607 natumque
569 1550 684 1606 unaque
700 1529 838 1604 Sibyllam

56 1624 219 1667 conventus
235 1608 321 1666 trahit
337 1609 368 1667 in
385 1610 503 1682 medios,
520 1611 690 1686 turbamque
705 1625 865 1679 sonantem,

57 1707 88 1748 et
103 1689 250 1747 tumulum
265 1690 352 1766 capit,
369 1691 444 1749 unde
460 1711 560 1748 omnes
576 1691 660 1765 longo
674 1690 775 1747 ordine
789 1705 883 1765 posset

56 1771 189 1829 adversos
204 1771 298 1844 legere
314 1787 342 1829 et
356 1771 527 1829 venientum
541 1771 651 1828 discere
666 1771 770 1828 vultus.

36 1858 136 1910 ‘nunc
152 1872 213 1926 age,
230 1851 405 1909 Dardaniam
420 1853 530 1929 prolem
546 1873 618 1929 quae
633 1851 738 1908 deinde
754 1865 887 1928 sequatur

55 1933 154 2009 gloria,
171 1932 221 2010 qui
238 1948 373 1990 maneant
389 1933 461 1990 Itala
477 1932 612 2006 degente
628 1948 756 2009 nepotes,

56 2014 192 2071 inlustres
208 2014 316 2071 animas
332 2029 518 2090 nostrumque
533 2013 685 2082 in‘nomen
701 2012 797 2082 ituras,

56 2094 211 2171 expediam
227 2094 322 2172 dictis,
337 2109 365 2152 et
381 2109 410 2151 te
426 2108 474 2150 tua
490 2094 547 2150 fata
561 2094 679 2151 docebo·

56 2175 116 2243 ille,
131 2175 222 2242 vides,
238 2195 309 2252 pura
325 2173 436 2232 iuvenis
452 2174 501 2250 qui
517 2173 619 2231 nititur
633 2176 721 2242 hasta,
882 2191 920 2240 760

55 2255 188 2333 proxima
202 2271 279 2313 sorte
295 2271 376 2312 tenet
392 2254 463 2312 lucis
479 2254 550 2324 loca,
566 2254 672 2331 primus
688 2254 723 2310 ad
738 2273 817 2310 auras

56 2335 197 2394 aetherias
213 2335 288 2393 Italo
303 2335 475 2392 commixtus
491 2335 628 2410 sanguine
643 2350 749 2409 surget,

57 2417 174 2487 Silvius,
189 2416 338 2473 Albanum
354 2427 472 2486 nomen,
488 2432 536 2473 tua
551 2432 681 2492 postuma
696 2414 808 2490 proles;

56 2519 143 2575 quem
159 2496 212 2554 tibi
229 2496 370 2570 longaevo
386 2518 478 2554 serum
495 2496 614 2553 Lavinia
630 2496 757 2554 coniunx
813 2568 815 2574 Ι

57 2579 161 2636 educet
177 2577 256 2634 silvis
271 2597 367 2651 regem
383 2597 538 2654 regumque
553 2593 720 2654 parentem;

58 2659 134 2716 unde
150 2679 240 2734 genus
257 2659 357 2731 Longa
373 2675 499 2715 nostrum
516 2657 712 2714 dominabitur
726 2657 810 2714 Alba.

56 2740 204 2815 proximus
220 2739 270 2795 ille
288 2739 400 2808 Procas,
415 2739 559 2795 Troianae
574 2737 661 2812 gloria
676 2738 778 2812 gentis,

57 2835 85 2876 et
101 2821 207 2897 Capys,
224 2836 253 2876 et
269 2819 418 2889 Numitor,
434 2819 525 2895 etqui
542 2834 569 2875 te
586 2818 703 2874 nomine
719 2819 818 2874 reddet

57 2901 161 2957 Silvius
176 2902 301 2968 Aeneas,
319 2900 423 2975 pariter
437 2900 543 2976 pietate
559 2898 604 2954 vel
621 2898 704 2955 armis

57 2982 193 3055 egregius,
210 2982 232 3038 si
250 3000 390 3056 umquam
405 2979 577 3054 regnandam
593 2979 736 3054 acceperit
751 2980 864 3036 Albam.
882 3008 916 3044 rat

56 3083 104 3137 qur
97 3061 256 3118 iuvenes!
282 3074 402 3135 quantas
417 3075 569 3127 ostentant,
586 3058 689 3134 aspice,
705 3060 786 3128 vires,

55 3157 141 3218 atque
157 3143 307 3198 umbrata
305 3156 410 3211 gerunt
425 3140 503 3197 civili
520 3154 647 3216 tempora
663 3105 786 3216 quercui

374 3245 418 3291 747
437 3248 502 3278 aurae
514 3231 571 3278 codd.
