2002 3614
370 187 396 232 P.
414 183 555 233 VERGlLl
574 185 729 232 MARONIS

140 335 238 372 verum
254 335 360 391 anceps
374 335 487 391 pugnae
503 316 595 372 fuerat
610 315 736 372 fortuna.
780 315 899 381 fuisset;

139 416 225 473 quem
241 395 330 452 metui
347 395 503 453 moritura?
524 392 599 453 fa'ces
615 395 645 451 in
661 412 748 453 castra
765 396 905 467 tulissem,

139 477 351 553 implessemque
367 477 441 533 foros
457 475 588 547 flammis,
605 492 762 554 natumque
777 493 947 555 patremque

138 578 205 614 cum
219 577 324 632 genere
341 557 511 624 exstinxem‚
528 572 636 614 memet
652 578 735 632 super
750 557 810 632 ipsa
825 559 991 615 dedissem,

139 639 196 705 Sol,
213 637 259 715 qui
277 653 415 694 terrarum
429 636 551 694 flammis
565 658 649 713 opera
665 638 760 694 omnia
777 638 888 705 lustras,

139 733 227 796 tuque
243 720 343 775 harum
360 718 500 793 interpres
515 738 646 775 curarum
662 733 690 774 et
705 718 819 775 conscia
836 721 921 788 Iuno,

139 799 344 876 nocturnisque
361 799 474 855 Hecate
490 798 579 854 triviis
595 799 703 856 ululata
718 819 770 874 per
784 800 879 868 urbes,

139 895 168 936 et
182 880 269 936 Dirae
285 879 409 948 ultrices,
427 895 455 936 et
470 879 498 935 di
515 879 664 936 morientis
679 879 795 949 Elissae,
962 895 991 935 5

138 960 260 1036 accipite
276 961 356 1030 haec,
371 960 564 1036 meritumque
580 960 661 1016 malis
677 960 817 1017 advertite
834 981 951 1027 numen,

140 1057 168 1098 et
184 1056 289 1097 nostras
304 1040 399 1097 audite
415 1060 523 1116 preces.
566 1040 587 1096 si
604 1057 718 1114 tangere
733 1056 832 1116 portus

138 1122 291 1178 infandum
307 1136 390 1197 caput
406 1142 437 1178 ac
455 1121 534 1177 terris
549 1122 654 1179 adnare
670 1141 784 1177 necesse
801 1137 851 1191 est,

140 1218 168 1259 et
184 1202 222 1259 sic
238 1203 295 1258 fata
311 1202 385 1258 lovis
401 1217 532 1277 poscunt,
548 1201 594 1258 hic
611 1201 748 1258 terminus
763 1203 883 1260 haeret:

139 1299 168 1340 at
182 1283 260 1340 bello
275 1281 388 1339 audacis
404 1281 501 1357 populi
517 1297 634 1338 vexatus
650 1297 678 1338 et
694 1281 786 1351 armis,

140 1363 244 1421 finibus
258 1362 385 1433 extorris,
401 1361 682 1443 complexussulsus
696 1361 764 1431 Iuli,

139 1444 278 1502 auxilium
294 1444 428 1520 inploret,
444 1442 597 1518 videatque
613 1442 730 1516 indigna
745 1463 862 1499 suorum

139 1526 259 1594 funera3
281 1545 344 1593 nec,
360 1544 427 1581 curn
441 1543 470 1579 se
487 1523 537 1580 sub
553 1523 627 1596 leges
642 1523 719 1598 pacis
734 1522 852 1598 iniquae

141 1605 298 1672 tradiderit,
314 1624 402 1679 regno
418 1619 466 1660 aut
481 1618 578 1678 optata
594 1603 659 1660 luce
674 1603 792 1673 fruatur,

140 1687 187 1742 sed
204 1686 287 1742 cadat
301 1701 369 1741 ante
384 1684 462 1740 diem
478 1683 630 1760 mediaque
645 1683 812 1740 inhumatus
829 1686 945 1741 harena.
964 1702 991 1739 σε

140 1769 208 1822 haee
233 1785 352 1841 precor;
374 1766 448 1821 hanc
471 1783 573 1821 vocem
595 1779 753 1820 extremam
775 1785 842 1821 cum
866 1765 991 1838 sanguin·

221 1847 321 1903 fundo.
873 1890 878 1898 .

140 1944 201 1984 tum
216 1947 274 1994 vos,
290 1946 307 1981 o
323 1925 418 2002 Tyrii,
434 1925 550 2001 stirpem
568 1940 596 1981 et
610 1945 697 1998 genus
713 1944 799 1981 omne
816 1926 946 1982 futurum

141 2022 270 2064 exercete
285 2006 365 2075 odiis,
382 2005 529 2083 cinerique
545 2007 615 2062 haec
631 2005 737 2062 mittite
753 2021 851 2061 nostro

140 2109 267 2144 munera.
310 2087 407 2143 nullus
422 2106 500 2142 amor
514 2086 637 2162 populis,
654 2106 707 2142 nec
724 2087 840 2142 foedera
856 2102 950 2143 sunto

141 2169 268 2225 exoriare
283 2167 384 2244 aliquis
400 2166 502 2222 nostris
519 2187 552 2222 ex
568 2166 673 2222 ossibus
689 2167 775 2236 ultor,

140 2249 187 2325 qui
204 2250 266 2305 face
281 2247 442 2304 Dardanios
457 2247 589 2323 ferroque
604 2267 721 2323 sequare
736 2247 864 2315 colonos,

142 2351 228 2398 nune,
244 2329 323 2397 olim,
339 2348 520 2405 quocumque
535 2327 646 2383 dabunt
661 2347 689 2383 se
705 2343 835 2403 tempore
851 2327 933 2384 vires.

142 2410 224 2466 litora
240 2410 369 2465 litoribus
384 2408 534 2477 contraria,
552 2407 684 2464 fluctibus
700 2408 789 2463 undas

141 2491 282 2566 inprecor,
298 2511 374 2546 arma
390 2488 492 2556 armis;
514 2503 644 2563 pugnent
660 2487 770 2564 ipsique
786 2487 981 2565 nepotesque.'

141 2573 210 2627 haec
227 2570 275 2637 ait,
292 2586 319 2626 et
333 2587 426 2645 partes
442 2569 571 2625 animum
587 2569 714 2624 versabat
730 2570 760 2623 in
776 2589 887 2638 omnes,
964 2586 991 2633 ⁶3«

141 2651 260 2707 invisam
276 2671 414 2726 quaerens
430 2670 515 2726 quam
531 2648 655 2724 primum
670 2649 841 2724 abrumpere
857 2650 960 2706 lucem.

142 2748 203 2787 tum
218 2731 343 2787 breviter
358 2731 468 2787 Barcen
485 2729 627 2786 nutricem
643 2729 737 2785 adfata
754 2729 896 2804 Sychaei;

142 2832 266 2888 namque
281 2831 360 2867 suam
374 2811 465 2887 patria
481 2810 597 2887 antiqua
613 2810 684 2867 cinis
698 2824 758 2865 ater
773 2809 914 2869 habebat:

122 2894 256 2949 ‘Annam
272 2912 335 2948 cara
351 2893 421 2947 mihi
438 2891 535 2947 nutrix
552 2893 607 2947 huc
623 2890 687 2947 siste
702 2910 845 2959 sororem;

141 2974 196 3040 dic,
213 2993 313 3047 corpus
328 2988 461 3048 properet
476 2971 583 3028 fluviali
599 2991 727 3047 spargere
743 2970 870 3046 lympha,
926 2973 928 2978 ’

143 3070 171 3111 et
185 3053 308 3129 pecudes
324 3073 420 3109 secum
435 3069 462 3109 et
478 3069 631 3109 monstrata
647 3051 760 3127 piacula
775 3051 880 3108 ducat:

143 3134 180 3190 sic
197 3132 301 3199 veniat,
318 3148 405 3209 tuque
421 3133 479 3209 ipsa
494 3133 541 3209 pia
558 3149 619 3206 tege
636 3148 762 3208 tempora
778 3133 858 3188 vitta.

446 3225 491 3285 632
511 3225 604 3287 Sychaei
616 3235 656 3271 cst.
