2002 3614
342 875 463 935 LIBER
485 874 674 933 TERTIUS

71 1062 90 1087 “
101 1057 257 1127 Poerunu
273 1079 316 1115 res
332 1058 416 1115 Asiae
433 1058 594 1135 Priamique
611 1073 740 1115 evertere
755 1074 865 1133 gentem

99 1137 263 1195 inmeritam
277 1138 369 1196 visum
384 1139 501 1215 superis,
517 1139 680 1216 ceciditque
696 1140 847 1215 superbum

99 1218 186 1275 Ilium
202 1234 230 1275 et
245 1219 337 1275 omnis
352 1221 441 1276 humo
456 1219 547 1276 fumat
563 1218 715 1296 Neptunia
731 1219 829 1290 Troia,

98 1298 208 1355 diversa
224 1298 320 1356 exsilia
336 1316 364 1356 et
379 1300 503 1357 desertas
518 1320 653 1377 quaerere
669 1315 756 1356 terras

98 1380 218 1453 auguriis
234 1379 342 1454 agimur
356 1380 461 1451 divom,
477 1381 652 1457 classemque
667 1380 719 1437 sub
734 1380 794 1456 ipsa

99 1460 251 1517 Antandro
267 1476 295 1517 et
312 1460 448 1535 Phrygiae
464 1460 599 1517 molimur
614 1460 761 1517 montibus
777 1460 853 1529 Idae,

99 1540 201 1597 incerti
217 1562 273 1617 quo
288 1540 346 1597 fata
360 1541 462 1611 ferant,
479 1541 526 1597 ubi
542 1541 639 1598 sistere
654 1542 747 1611 detur,

98 1621 350 1697 contrahimusque
365 1621 447 1679 viros.
490 1621 537 1678 vix
551 1621 642 1697 prima
657 1620 807 1697 inceperat
822 1636 905 1684 aestas,

98 1717 127 1758 et
142 1717 223 1777 pater
238 1701 377 1758 Anchises
393 1701 459 1758 dare
475 1702 539 1759 fatis
554 1702 618 1758 vela
631 1701 759 1772 iubebat,

12 1838 14 1841 .
98 1782 182 1841 litora
197 1803 263 1839 eum
278 1782 387 1858 patriae
402 1782 553 1839 lacrimans
568 1798 723 1858 portusque
740 1782 870 1860 relinquo

98 1878 127 1919 et
142 1883 266 1938 campos,
283 1862 330 1919 ubi
348 1862 437 1919 Troia
453 1863 516 1920 fuit.
560 1863 636 1919 feror
651 1862 731 1919 exsul
747 1862 777 1920 in
795 1864 879 1920 altum

98 1963 164 2000 cum
179 1943 260 2000 sociis
277 1958 411 2020 natoque,
428 1941 583 2000 Penatibus
600 1958 628 1999 et
644 1943 753 2017 magnis
768 1944 820 2002 dis.

139 2039 212 2080 terra
227 2024 326 2100 procul
343 2023 426 2080 vastis
442 2023 545 2080 colitur
562 2023 706 2080 Mavortia
722 2025 869 2101 campis-

99 2105 227 2161 Thraees
243 2104 422 2161 arant-acri
439 2104 584 2179 quondam
600 2119 715 2178 regnata
731 2105 870 2180 Lycurgo,

97 2185 255 2260 hospitium
270 2184 420 2261 antiquum
437 2184 543 2240 Troiae
559 2183 684 2260 sociique
701 2184 833 2255 Penates,

97 2265 166 2321 dum
182 2265 296 2322 fortuna
311 2266 375 2321 fuit.
418 2264 492 2320 feror
507 2266 573 2334 huc,
590 2280 617 2319 et
633 2264 716 2320 litore
733 2285 822 2322 curvo

98 2345 211 2400 moenia
225 2345 316 2421 prima
333 2346 396 2402 loco
412 2344 476 2400 fatis
491 2344 629 2417 ingressus
644 2343 760 2420 iniquis,

97 2426 302 2501 Aeneadasque
318 2446 382 2482 meo
398 2444 504 2481 nomen
520 2425 555 2481 de
571 2424 689 2481 nomine
705 2424 792 2499 fingo.

138 2526 214 2561 sacra
229 2505 378 2562 Dionaeae
394 2504 476 2561 matri
492 2504 621 2580 divisque
637 2504 764 2561 ferebam

97 2585 257 2660 auspicibus
273 2602 440 2661 coeptorum
455 2605 583 2660 operum,
600 2605 760 2661 superoque
776 2585 908 2642 nitentem

97 2665 268 2722 caelicolum
283 2666 340 2739 regi
358 2666 517 2722 mactabam
531 2664 561 2721 in
578 2665 660 2721 litore
678 2680 801 2723 taurum.

98 2745 171 2801 forte
186 2745 240 2802 fuit
255 2746 334 2802 iuxta
351 2746 486 2815 tumulus,
502 2766 558 2821 quo
574 2765 676 2801 cornea
693 2766 804 2802 summo

97 2826 217 2899 virgulta
234 2842 261 2882 et
276 2826 369 2882 densis
384 2826 533 2882 hastilibus
548 2825 661 2881 horrida
677 2842 795 2900 myrtus.

97 2906 210 2976 accessi,
226 2906 403 2982 viridemque
419 2907 454 2962 ab
469 2908 557 2962 humo
573 2906 738 2962 convellere
755 2907 852 2963 silvam

97 3001 224 3055 conatus,
241 2987 323 3043 ramis
340 3001 464 3058 tegerem
480 3002 511 3042 ut
527 2986 727 3043 frondentibus
743 3007 812 3055 aras,

96 3067 271 3122 horrendum
287 3082 315 3122 et
330 3066 409 3122 dictu
424 3066 507 3122 video
524 3066 651 3122 mirabile
668 3084 835 3125 monstrum.

98 3167 162 3203 nam
179 3167 250 3222 quae
265 3146 355 3221 prima
372 3146 430 3201 solo
446 3146 535 3223 ruptis
551 3145 691 3202 radicibus
707 3148 788 3204 arbos
