2002 3614
315 111 481 158 Aruernos
499 111 561 158 um.
580 113 618 158 rv
871 102 916 189 ᾗς
963 130 967 155 ,·

80 238 94 309 i,
105 263 178 312 soror,
193 257 278 320 atque
295 243 407 298 hostem
423 242 544 318 supplex
560 242 657 299 adfare
673 243 836 319 superbum,
860 202 869 242 t
894 284 912 321 «χ
920 164 964 327 s

76 341 123 379 non
138 344 185 399 ego
199 344 266 381 cunr
281 321 391 380 Danais
407 323 566 379 Troianam
583 323 749 380 exscindere
764 339 880 398 gentem
914 320 919 325 ’

72 404 164 462 Aulide
178 404 277 475 iuravi,
294 403 449 460 classemve
464 403 499 460 ad
516 404 650 478 Pergama
666 404 737 476 misi,

70 505 116 542 nec
130 485 212 562 patris
228 483 372 541 Anchisae
388 483 516 541 cinerem
533 485 673 542 Manesve
689 485 809 554 revelli3

66 586 112 623 cur
125 586 185 623 mea
200 565 278 623 dicta
293 580 380 639 neget
394 565 478 622 duras
493 565 647 622 demittere
662 565 692 622 in
709 570 811 623 aures?

64 668 116 724 quo
127 646 204 704 ruit?
226 660 387 703 extremum
404 647 458 702 hoc
472 645 590 704 miserae
606 646 655 703 det
670 666 774 717 munus
788 646 895 705 amanti
911 669 917 704 :

62 742 204 804 exspectet
220 725 394 802 facilemque
411 726 507 800 fugam
524 742 680 804 ventosque
696 727 830 784 ferentes.
881 757 919 793 430

60 829 117 865 non
134 807 189 864 iam
204 806 372 881 coniugium
388 806 550 884 antiquum,
567 807 644 884 quod
659 807 796 883 prodidit,
812 828 870 879 oro,

58 909 111 946 nee
127 889 249 964 pulchro
264 903 296 943 ut
311 886 395 943 Latio
411 903 506 944 careat
522 909 699 965 regnumque
714 888 857 966 relinquat
872 911 878 945 :

58 985 171 1045 tempus
185 968 272 1025 inane
287 983 366 1044 pet0,
382 968 512 1044 requiem
529 969 708 1045 spatiumque
723 969 821 1040 furori,

56 1049 127 1106 dum
143 1070 205 1106 mea
221 1068 268 1106 me
283 1048 390 1105 victam
406 1048 508 1105 doceat
526 1050 640 1106 fortuna
655 1037 763 1107 dolere.

56 1146 215 1188 extremam
230 1130 305 1185 hanc
322 1150 372 1186 oro
387 1129 689 1199 veniam—miserere
704 1130 846 1187 sororis-—

55 1231 143 1289 quam
155 1209 225 1266 mihi
242 1229 308 1266 cum
324 1209 445 1280 dederit,
459 1210 635 1267 cumulatam
647 1226 738 1267 morte
754 1211 917 1269 remittam’

97 1291 202 1348 talibus
216 1291 325 1360 orabat,
342 1291 469 1366 talesque
485 1290 642 1347 miserrima
657 1291 741 1348 fletus

55 1373 170 1449 fertque
186 1370 331 1447 refertque
346 1390 431 1426 soror.
474 1370 523 1427 sed
539 1370 626 1426 nullis
641 1371 692 1428 ille
707 1387 838 1428 movetur

55 1452 180 1522 fletibus,
195 1466 244 1508 aut
259 1470 343 1507 voces
358 1451 429 1508 ullas
446 1450 602 1507 tractabilis
616 1452 696 1509 audit
709 1477 717 1522 ;

55 1534 115 1590 fata
131 1532 255 1602 obstant,
270 1529 455 1608 placidasque
471 1531 523 1588 viri
540 1531 609 1588 deus
625 1531 744 1589 obstruit
760 1553 849 1591 aures.
882 1564 919 1599 440

55 1634 87 1671 ac
104 1613 185 1669 velut
200 1631 308 1669 annoso
323 1611 448 1668 validam
465 1631 531 1669 curn
546 1612 647 1669 robore
662 1633 799 1689 quercum

55 1692 156 1770 Alpini
173 1693 281 1749 Boreae
296 1711 374 1748 nunc
389 1691 459 1749 hinc
476 1713 554 1749 nunc
569 1691 682 1750 flatibus
698 1693 778 1750 illine

57 1794 155 1832 eruere
171 1773 247 1830 inter
261 1793 290 1829 se
306 1787 436 1842 certant3
459 1773 481 1829 it
498 1773 608 1844 stridor,
626 1789 654 1830 et
669 1775 743 1831 altae

56 1868 247 1912 consternunt
262 1867 365 1909 terram
381 1872 519 1910 concusso
535 1853 631 1930 stipite
647 1854 784 1923 frondcs;

56 1937 117 2012 ipsa
132 1937 231 1991 haeret
246 1933 379 2010 scopulis,
397 1949 434 2003 et,
451 1949 592 2011 quantum
608 1935 715 1993 vertice
731 1936 764 1991 ad
781 1956 859 1992 auras

57 2014 207 2085 aetherias,
223 2029 337 2071 tantum
352 2014 447 2072 radice
464 2014 494 2071 in
511 2016 632 2072 Tartara
649 2016 760 2073 tendit:

56 2095 134 2152 haud
150 2115 229 2152 secus
245 2080 369 2151 adsiduis
383 2095 452 2152 hinc
469 2111 555 2172 atque
570 2096 639 2153 hinc
655 2095 770 2153 vocibus
785 2098 867 2154 heros

57 2175 197 2245 tunditur,
214 2188 242 2232 et
257 2195 361 2249 magno
375 2176 516 2251 persentit
531 2193 648 2252 pectore
663 2197 742 2234 curas
756 2201 764 2246 ;

58 2276 138 2312 rnrns
153 2255 263 2312 inmota
279 2271 396 2325 manet;
419 2256 552 2313 lacrimae
568 2257 724 2313 volvuntur
738 2257 847 2315 inanes.

98 2353 159 2393 turn
174 2356 242 2392 vero
257 2335 361 2392 infelix
377 2336 441 2393 fatis
460 2337 593 2393 exterrita
608 2337 687 2395 Dido
881 2367 919 2405 450

58 2433 179 2474 mortem
195 2432 275 2486 orat;
297 2417 394 2473 taedet
410 2417 482 2474 caeli
500 2438 628 2474 convexa
643 2418 726 2474 tueri.

58 2519 116 2574 quo
131 2497 217 2572 magis
233 2496 382 2573 inceptum
397 2514 523 2574 peragat,
541 2498 694 2574 lucemque
710 2498 861 2576 relinquat,

60 2577 140 2647 vidit,
157 2576 317 2634 turicremis
333 2598 399 2635 cum
415 2579 490 2636 dona
508 2580 661 2654 inponeret
676 2579 737 2649 aris,

60 2657 234 2715 horrendum
249 2657 339 2729 dictu,
356 2659 454 2717 latices
471 2660 629 2734 nigrescere
645 2681 744 2729 sacros,

60 2738 222 2816 fusaqufjn
238 2739 565 2817 obscenum-'segettere
581 2740 646 2796 vina
663 2761 800 2799 cruorem.

60 2821 115 2875 hoc
130 2814 396 2889 visurffiffillij'non
413 2820 466 2895 ipsi
483 2821 566 2877 effata
582 2820 677 2877 sorori.

59 2914 205 2974 praeterea
222 2899 277 2955 fuit
293 2899 323 2956 in
340 2900 421 2956 tectis
436 2901 472 2958 de
488 2922 626 2957 marmore
643 2902 784 2977 templum

60 2978 187 3052 coniugis
204 2979 324 3055 antiqui,
341 2980 412 3036 miro
428 2981 504 3057 quod
520 2983 628 3037 honore
645 2982 766 3051 colebat,

60 3058 213 3116 velleribus
230 3059 320 3116 niveis
336 3076 363 3116 et
380 3061 450 3117 festa
467 3062 569 3117 fronde
585 3061 767 3118 revinctum:

124 3152 167 3209 428
186 3161 261 3212 negat.
295 3153 342 3214 436
361 3155 451 3201 dederis.
486 3157 610 3200 cumulata.
644 3155 690 3212 446
709 3156 812 3201 radicem.
