2002 3614
297 116 463 200 Aruernos
482 153 543 200 nra.
562 154 600 200 tv

72 280 147 358 inpius,
160 283 331 360 exuviasque
347 302 455 360 omnes,
472 283 639 359 lectumque
654 282 787 357 iugalem,

72 382 110 438 quo
121 365 192 441 perii,
205 359 452 441 suppleririonarit:
476 363 589 420 abolere
605 362 722 420 nefandi

72 461 146 502 cuncta
158 445 209 503 viri
225 445 405 502 monimenta
421 444 502 501 rubet
517 459 713 520 monstratque
729 443 878 501 sacerdos!

71 522 120 582 haec
133 527 210 584 effata
225 525 290 583 silet
304 550 313 595 3
334 525 427 602 pallor
441 524 526 581 simul
542 539 736 600 occupatura.

72 622 209 664 nontamen
225 608 312 664 Anna
328 605 408 662 novis
424 621 591 682 praetexere
607 605 707 662 funera
722 605 806 661 sacris
863 634 900 670 500

71 702 202 755 germanam
218 687 320 758 credit,
336 707 390 743 nee
407 702 499 743 tantos
515 701 614 743 mente
629 686 737 741 furores

71 767 175 843 concipit,
190 784 239 826 aut
254 767 381 842 graviora
398 767 481 825 timet
496 787 581 843 quam
597 782 688 823 morte
706 766 837 842 Sychaei.

73 863 117 918 ergo
128 848 193 906 iussa
208 864 298 925 parat.

51 955 57 963 ·
98 943 118 983 at
129 929 227 1004 regina,
244 950 313 1005 pyra
327 929 469 1005 penetrali
485 929 515 985 in
531 928 597 985 sede
613 928 664 984 sub
680 948 760 984 auras

73 1024 148 1079 crecta,
161 1010 271 1084 ingenti
288 1009 376 1066 taedis
392 1025 477 1087 atque
493 1009 560 1066 ilice
575 1024 661 1079 secta,

72 1083 223 1167 intenditque
240 1091 337 1146 locum
353 1090 441 1159 sertis,
459 1105 487 1147 et
502 1089 604 1146 fronde
620 1106 738 1146 coronat

72 1164 176 1240 funerea3
196 1191 282 1247 super
298 1170 410 1227 exuvias
427 1191 582 1246 ensemque
598 1170 730 1226 relictum
783 1174 785 1179 ’

73 1245 218 1328 effigiemque
234 1266 297 1308 toro
312 1251 397 1321 locat,
413 1250 490 1307 h'aud
505 1250 601 1324 ignara
618 1250 716 1307 futuri.

72 1341 124 1385 stant
136 1353 193 1388 arae
208 1332 328 1401 circum,
345 1346 373 1388 et
388 1330 481 1388 crines
497 1331 583 1388 effusa
599 1330 728 1387 sacerdos

73 1419 215 1470 tercentum
233 1427 315 1469 tonat
330 1432 379 1482 ore
394 1412 472 1481 deos,
489 1411 673 1487 Erebumque
690 1410 843 1486 Chaosque
864 1440 901 1475 510

73 1493 287 1569 tergeminamque
303 1492 449 1562 Hecaten,
465 1491 517 1548 tria
533 1491 649 1565 virginis
664 1512 711 1547 ora
726 1490 849 1548 Dianae.

73 1584 176 1640 sparserat
192 1589 219 1630 et
235 1572 334 1630 latices
349 1572 495 1629 simulatos
510 1571 598 1629 fontis
612 1571 739 1640 Averni3

73 1643 162 1710 falcibus
177 1669 205 1711 et
220 1673 327 1711 messae
343 1653 378 1710 ad
395 1654 493 1709 lunam
510 1667 687 1728 quaeruntur
703 1651 778 1708 a'enis

74 1729 182 1798 pubentes
196 1735 304 1791 herbae
321 1733 393 1807 nigri
410 1753 476 1790 curn
493 1733 568 1789 lacte
583 1731 689 1788 veneni
702 1757 710 1801 ;

73 1813 184 1880 quaeritur
199 1831 227 1872 et
244 1813 386 1871 nascentis
402 1813 468 1890 equi
483 1813 519 1869 de
535 1813 629 1869 fronte
645 1812 772 1869 revulsus

74 1901 93 1973 ft
102 1895 168 1951 matri
181 1910 347 1971 praereptus
362 1915 448 1951 amor.

73 1983 112 2039 lpse
123 1976 188 2032 mola
204 1975 393 2051 manibusque
408 1974 462 2050 piis
476 1974 574 2031 altaria
589 1974 677 2044 iuxta,

73 2062 136 2110 Unum
148 2072 230 2113 exuta
245 2055 351 2132 pedem
366 2055 478 2125 vincliS,
494 2055 524 2111 in
540 2071 618 2112 veste
633 2054 769 2125 recincta,

74 2137 161 2214 leuatur
174 2137 310 2193 moritura
326 2136 394 2192 deos
410 2151 438 2192 et
453 2135 566 2193 conscia
582 2136 633 2192 fati

73 2208 152 2285 sldera3
172 2233 243 2287 tum,
259 2216 280 2273 si
296 2216 374 2292 quod
390 2237 448 2273 non
466 2237 556 2292 aequo
572 2217 689 2273 foedere
705 2232 833 2274 amantes
865 2246 902 2283 φο

73 2303 130 2350 curae
143 2317 247 2354 numen
263 2297 350 2353 habet
367 2297 531 2372 iustumque
547 2317 724 2374 memorque,
740 2315 881 2373 precatur.

100 2391 222 2448 nexerat,
239 2393 267 2434 et
283 2377 430 2453 placidum
448 2379 603 2453 carpebant
619 2379 690 2438 fessa
706 2398 837 2452 soporem

73 2464 159 2528 corpora
174 2480 222 2535 per
239 2474 335 2528 terras,
352 2458 497 2534 silvaeque
515 2474 542 2514 et
558 2479 638 2514 saeva
653 2458 786 2534 quierant

73 2545 171 2609 aequora,
186 2560 253 2596 cum
265 2538 364 2595 medio
380 2539 538 2595 volvuntur
554 2539 644 2594 sidera
660 2540 748 2614 lapsu,

73 2625 118 2670 lun
130 2633 197 2677 tacet
211 2619 306 2676 omnis
322 2640 394 2693 ager,
412 2620 547 2694 pecudes,
564 2619 716 2695 pictaeque
731 2620 870 2688 volucres,
938 2669 941 2678 .

73 2706 170 2774 quaeque
184 2702 262 2758 lacus
279 2700 337 2756 late
352 2700 486 2776 liquidos,
502 2720 632 2776 quaeque
648 2721 743 2775 aspera
759 2699 851 2755 dumis

73 2787 116 2830 fura
128 2793 228 2852 tenent,
245 2801 346 2837 somno
362 2780 469 2856 positae
486 2781 536 2836 sub
553 2796 638 2836 nocte
655 2779 759 2836 silenti.

73 2843 183 2919 llcribanr
197 2883 288 2931 curas,
305 2877 334 2917 et
349 2861 433 2917 corda
450 2861 539 2917 oblita
556 2861 708 2935 laborum]

73 2944 92 2984 at
103 2953 146 2996 non
160 2941 260 3000 infelix
277 2941 367 2999 animi
385 2941 549 3010 Phoenissa,
566 2961 660 3016 neque
677 2961 811 3016 umquam

73 3011 158 3076 solvitur
170 3023 199 3079 in
215 3042 341 3092 somnos
357 3021 483 3078 oculisve
500 3037 548 3077 aut
563 3036 681 3096 pectore
698 3036 813 3076 noctem
865 3048 902 3084 ⁵30

73 3093 166 3170 accipit:
186 3102 370 3178 ingeminant
386 3123 480 3170 curae,
497 3121 646 3177 rursusque
662 3120 807 3173 resurgens

333 3209 381 3256 497
399 3194 568 3256 superinponas.

72 3261 114 3308 lul.
125 3276 132 3311 1
802 3277 818 3311 G
