2002 3614
342 172 367 217 P.
385 169 526 217 VERGILI
545 168 701 216 MARONIS

109 321 162 357 nec
178 299 255 376 prius
271 301 401 356 amissam
417 300 537 376 respexi,
553 299 718 356 animumve
733 298 842 370 reflexi,

109 401 194 457 quam
211 382 354 438 tumulum
370 381 504 457 antiquae
520 379 634 438 Cereris
650 381 806 456 sedemque
821 395 936 437 sacratur

109 461 257 519 venimus:
279 461 327 518 hic
343 462 460 518 demum
476 460 606 518 collectis
621 460 755 517 omnibus
770 481 827 517 una

109 542 212 612 defuit,
229 557 257 598 et
273 541 392 599 comites
409 557 565 618 natumque
580 541 731 617 virumque
747 541 864 598 fefellit.

109 643 195 698 quem
211 643 269 679 non
285 622 411 679 incusavi
427 643 524 679 amens
540 621 750 698 hominumque
766 622 931 697 deorumque

110 718 156 759 aut
172 703 241 779 quid
257 703 285 758 in
304 723 398 759 eversa
413 702 471 759 vidi
488 703 632 759 crudelius
648 702 740 759 urbe?

109 783 266 840 Ascanium
281 784 488 860 Anchisenque
504 799 614 858 patrem
630 783 818 859 Teucrosque
835 783 936 839 Penates

110 865 283 920 commendo
298 864 389 934 sociis,
406 879 434 920 et
449 885 534 921 curva
549 863 623 919 valle
639 863 786 930 recondo;

110 945 170 1020 ipse
186 945 286 1001 urbem
301 961 410 1020 repeto,
427 960 455 1001 et
470 945 569 1018 cingor
584 943 762 1017 fulgentibus
778 943 871 1000 armis.

110 1041 164 1081 stat
180 1046 258 1082 casus
274 1045 410 1082 renovare
426 1045 533 1095 omnes,
550 1044 724 1100 omnemque
740 1023 844 1080 reverti
927 1050 935 1086 7

110 1126 160 1180 per
177 1105 306 1175 Troiam,
323 1120 351 1161 et
366 1126 458 1162 rursus
475 1121 560 1180 caput
576 1103 720 1161 obiectare
736 1104 861 1179 periclis.

149 1185 294 1262 principio
309 1206 404 1241 muros
419 1186 595 1262 obscuraque
611 1184 712 1241 limina
726 1200 835 1260 portae,

111 1287 165 1342 qua
180 1286 305 1340 gressum
321 1267 488 1336 extuleram,
505 1281 623 1340 repeto;
646 1280 674 1321 et
689 1264 807 1339 vestigia
823 1279 896 1321 retro

111 1348 257 1405 observata
273 1367 375 1423 sequor
389 1367 440 1422 per
455 1362 572 1402 noctem
588 1362 616 1402 et
632 1345 741 1401 lumine
757 1345 856 1402 lustro.

111 1429 210 1482 horror
225 1426 331 1503 ubique
347 1427 465 1496 animos,
482 1426 565 1482 simul
582 1426 640 1502 ipsa
655 1425 771 1482 silentia
787 1440 902 1482 terrent.

111 1508 179 1563 inde
194 1507 322 1577 domum,
338 1506 359 1563 si
376 1507 450 1563 forte
465 1505 579 1582 pedem,
596 1506 617 1561 si
633 1507 716 1575 forte,
734 1506 854 1575 tulisset,

110 1608 157 1644 me
193 1588 294 1645 refero.
351 1587 499 1644 inruerant
534 1586 638 1656 Danai,
676 1602 704 1642 et
740 1601 850 1643 tectum
885 1603 936 1642 omi

192 1669 339 1725 tenebant.

111 1748 191 1805 ilicet
206 1748 278 1823 ignis
295 1748 365 1804 edax
382 1768 490 1804 summa
507 1747 542 1804 ad
557 1747 666 1821 fastigia
681 1764 770 1804 vento

110 1829 254 1896 volvitur;
276 1844 446 1904 exsuperant
461 1826 611 1896 flammae3
634 1827 703 1884 furit
718 1843 811 1885 aestus
826 1828 861 1884 ad
875 1845 936 1884 aura

110 1909 244 1985 procedo,
262 1925 290 1965 et
306 1908 409 1965 Priami
426 1909 506 1965 sedes
521 1928 673 1984 arcemque
689 1908 790 1966 revis0.
928 1934 936 1969 r

112 2005 139 2046 et
155 1990 210 2047 iam
226 1990 382 2065 porticibus
398 1989 493 2045 vacuis
509 1989 629 2045 Iunonis
645 1989 723 2064 asylo

110 2070 240 2127 custodes
256 2070 324 2127 lecti
341 2070 471 2126 Phoenix
489 2085 517 2125 et
532 2069 608 2126 dirus
624 2069 727 2125 Ulixes

110 2151 245 2226 praedam
261 2151 456 2208 adservabant.
500 2152 556 2206 huc
573 2149 701 2225 undique
717 2150 808 2206 Tro'r'a
822 2169 888 2224 gaza

110 2232 235 2288 incensis
251 2247 347 2306 erepta
363 2231 453 2305 adytis
471 2250 643 2306 mensaeque
659 2230 777 2286 deorum

110 2328 290 2388 crateresque
306 2332 373 2367 auro
390 2311 472 2367 solidi
490 2310 659 2386 captivaque
675 2310 760 2366 vestis

110 2392 283 2465 congeritur.
326 2390 406 2467 pueri
425 2407 452 2447 et
467 2389 587 2465 pavidae
604 2391 689 2464 longo
704 2389 807 2446 ordine
823 2405 918 2446 matres

110 2487 186 2527 stant
201 2492 319 2528 cneum.
597 2524 599 2529 ,

110 2572 190 2606 ausus
206 2552 276 2628 quin
294 2552 380 2607 etiam
396 2572 478 2607 voces
495 2551 601 2607 iactare
616 2572 666 2626 per
682 2551 813 2607 umbram

110 2631 219 2706 inplevi
235 2633 360 2687 clamore
377 2632 443 2702 vias,
460 2647 639 2707 maestusque
657 2632 796 2688 Creusam
928 2653 936 2712 ⁷.

111 2711 286 2787 nequiquam
301 2712 481 2785 ingeminans
497 2712 659 2788 iterumque
675 2711 838 2788 iterumque
853 2724 936 2766 vocav1

110 2792 258 2866 quaerenti
277 2808 305 2848 et
322 2792 404 2848 tectis
421 2792 497 2848 urbis
512 2791 573 2847 sine
589 2792 646 2847 fine
661 2791 768 2847 furenti

110 2871 214 2927 infelix
230 2873 415 2928 simulacrum
431 2888 515 2948 atque
531 2872 617 2947 ipsius
633 2872 731 2927 umbra
749 2873 874 2928 Creusae

110 2951 167 3007 visa
184 2952 254 3008 mihi
270 2967 337 3008 ante
353 2953 459 3022 oculos,
477 2969 504 3009 et
520 2969 586 3008 nota
602 2952 691 3007 maior
706 2951 808 3024 imago.

111 3031 245 3106 obstipui,
262 3047 460 3107 steteruntque
476 3052 583 3101 comae,
601 3048 628 3088 et
643 3052 697 3087 vox
714 3031 846 3088 faucibus
861 3024 936 3088 haesit

112 3127 172 3167 tum
188 3111 227 3167 sic
243 3111 342 3180 adfari,
359 3125 388 3166 et
403 3130 483 3168 curas
498 3112 541 3168 his
556 3113 671 3168 demere
687 3110 788 3168 dictis:

445 3218 491 3266 753
510 3206 596 3250 animo.
