2002 3614
310 182 476 230 AENEIDOS
496 182 557 230 ΗΒ.
575 184 614 230 IV

84 327 139 365 sacra
150 311 205 367 Iovi
222 311 329 386 Stygio,
345 311 487 388 quaerite
503 312 617 388 incepta
632 311 738 388 paravi,

84 389 188 460 perficere
203 408 243 449 est
258 391 380 463 animus,
390 393 541 470 'finemque
557 393 696 469 inponere
712 392 794 462 curis,

84 465 248 550 Dardaniique
264 493 364 547 rogum
379 474 478 549 capitis
492 473 658 550 permittere
674 472 825 530 flammae!
877 491 915 539 640

84 547 110 604 sic
134 550 161 609 it.
199 553 248 610 illa
264 554 381 627 gradum
397 554 491 611 studio
506 554 651 611 celerabat
667 553 746 610 anili.

84 644 103 684 at
113 646 121 686 t
133 633 206 708 epida
221 650 249 691 et
264 635 372 710 coeptis
386 635 549 691 inmanibus
565 636 650 692 effera
665 633 752 703 Dido,

85 713 235 794 sanguineam
251 715 370 771 volvens
384 715 485 786 aciem,
501 715 677 792 maculisque
693 730 847 771 trementes

85 793 189 876 interfusa
203 815 298 869 genas,
316 813 344 853 et
359 796 466 871 pallida
482 812 574 852 morte
590 796 693 865 futura,

85 873 189 931 interiora
203 876 304 933 domus
319 876 457 952 inrumpit
473 876 582 945 limina,
600 893 627 932 et
643 876 714 932 altos

85 955 221 1012 conscendit
236 957 391 1013 furibunda
407 977 497 1032 rogos,
514 976 668 1033 ensemque
682 956 805 1013 recludit

85 1026 240 1106 Dardanium,
257 1057 315 1092 non
332 1039 381 1094 hos
396 1037 556 1114 quaesitum
571 1057 675 1094 munus
690 1036 720 1093 in
736 1057 809 1093 usus.
847 1069 849 1072 ·

85 1108 117 1166 hic
128 1133 265 1193 postquam
280 1117 382 1174 Iliacas
397 1135 488 1175 vestes
504 1134 662 1194 notumque
678 1117 773 1174 cubile

86 1196 211 1276 conspexit,
225 1198 344 1273 paulum
360 1197 483 1255 lacrimis
500 1214 528 1255 et
544 1213 642 1255 mente
657 1213 773 1268 morata,

85 1275 240 1354 incubuitque
257 1295 327 1346 toro,
343 1279 473 1354 dixitque
489 1278 640 1335 novissima
655 1279 758 1335 verba:
877 1296 915 1341 650

76 1348 155 1411 ‘dulces
168 1358 292 1427 exuviae,
309 1359 378 1415 dum
394 1359 452 1415 fata
467 1360 593 1436 deusque
608 1359 727 1428 sinebat,

86 1433 175 1521 afcipite
189 1441 263 1495 hanc
279 1439 414 1507 animam,
430 1460 534 1516 meque
550 1440 592 1496 his
608 1439 746 1496 exsolvite
761 1439 843 1496 curis.

86 1513 133 1583 vni,
145 1535 175 1586 et,
189 1539 275 1596 quem
291 1520 408 1577 dederat
424 1540 538 1577 cursum
553 1520 677 1588 fortuna,
693 1520 807 1596 peregi;

86 1604 105 1644 lt
115 1613 175 1656 nunc
190 1620 292 1674 magna
308 1600 365 1657 mei
380 1602 431 1658 sub
448 1617 533 1658 terras
549 1601 602 1658 ibit
617 1600 719 1674 imago.

86 1672 157 1734 urbem
170 1681 345 1756 praeclaram
361 1681 444 1738 statui
457 1707 465 1747 ς
486 1701 550 1738 mea
566 1681 680 1738 moenia
695 1681 773 1750 vidi;

86 1750 126 1810 ulta
137 1758 228 1831 virum,
244 1782 352 1837 poenas
366 1762 486 1820 inimico
501 1784 515 1818 a
532 1763 617 1818 fratre
632 1762 745 1837 recepi:

86 1827 141 1907 felir,
153 1841 205 1900 heu
221 1842 344 1899 nimium
359 1842 439 1911 felix,
455 1842 478 1900 si
494 1843 576 1900 litora
592 1858 702 1899 tanturn

85 1926 210 2000 ¹¹}1nquam
225 1922 391 1979 Dardaniae
407 1923 566 1997 tetigissent
582 1941 675 1980 nostra
691 1923 803 1980 carinae
815 1921 835 1981 !’

84 1987 148 2057 duit:
168 2019 195 2060 et
208 2024 239 2060 os
255 2003 380 2079 inpressa
397 2020 469 2074 toro,
486 2005 659 2061 ‘moriemur
674 2004 792 2073 inultae,

83 2075 286 2153 ⁵edmoriamur‚’
300 2083 348 2141 ait.
392 2084 458 2152 ‘sic‚
472 2085 511 2142 sic
524 2084 602 2141 iuvat
617 2084 657 2141 ire
669 2086 719 2141 sub
733 2085 855 2141 umbras.
877 2102 915 2140 6⁶0

82 2148 165 2220 hauriat
178 2165 256 2221 hunc
268 2164 363 2221 oculis
379 2164 475 2238 ignem
492 2165 615 2222 crudelis
631 2165 666 2221 ab
681 2165 739 2221 alto

82 2227 214 2314 Dardanus,
231 2262 259 2302 et
275 2261 386 2301 nostrae
401 2266 496 2302 seeum
512 2246 584 2302 ferat
599 2245 695 2301 omina
711 2245 828 2302 mortis.'

108 2319 221 2394 dixerat3
242 2342 328 2402 atque
343 2325 423 2381 illam
439 2327 532 2382 media
548 2327 622 2383 inter
639 2325 704 2382 talia
720 2327 793 2382 ferro

80 2399 207 2478 collapsam
222 2406 366 2482 aspiciunt
381 2407 508 2476 comites,
525 2427 680 2482 ensemque
696 2426 794 2462 cruore

80 2493 244 2556 spllnrantem,
260 2507 423 2563 sparsasque
439 2507 547 2544 manus.
592 2487 613 2543 it
629 2487 735 2543 clamor
749 2487 785 2542 ad
800 2487 856 2543 alta

78 2561 144 2634 atria3
162 2587 329 2624 concussam
345 2567 502 2625 bacchatur
519 2568 593 2624 fama
609 2589 659 2643 per
675 2568 783 2623 urbem.

78 2634 183 2703 lamentis
197 2647 365 2724 gemituque
380 2665 408 2704 et
423 2649 550 2704 feminco
565 2648 676 2705 ululatu

77 2731 133 2781 tecta
145 2728 289 2793 fremunt3
311 2745 424 2785 resonat
439 2729 547 2803 magnis
564 2728 746 2805 plangoribus
761 2731 867 2784 aether.

76 2816 117 2860 sson
131 2808 207 2865 aliter
222 2829 309 2885 quarn
324 2808 346 2864 si
362 2808 483 2865 inmissis
499 2826 562 2866 ruat
576 2809 704 2866 hostibus
719 2809 811 2865 omnis

75 2879 205 2964 Carthago,
219 2906 268 2946 aut
281 2889 398 2966 antiqua
411 2889 513 2965 Tyros,
526 2889 715 2966 flammaeque
728 2890 854 2945 furentes
876 2908 914 2954 670

74 2965 179 3026 culmina
193 2991 302 3048 perque
318 2969 469 3026 hominum
485 2970 637 3026 volvantur
651 2990 758 3046 perque
775 2970 901 3026 deorum.

73 3047 143 3105 audiit
157 3051 305 3120 exanimis,
322 3050 491 3127 trepidoque
507 3051 640 3108 exterrita
656 3070 738 3106 cursu

72 3130 193 3201 ¹urguibus
207 3153 255 3188 ora
271 3153 347 3187 soror
363 3132 481 3187 foedans
497 3149 525 3187 et
540 3147 654 3206 pectora
669 3129 771 3206 pugnis

193 3224 237 3283 641
258 3223 391 3275 celebrabat.
426 3224 519 3270 anilem.
554 3225 597 3285 651
618 3224 728 3268 sinebant.
