2002 3614
304 198 307 204 ’
329 208 356 256 P.
375 208 516 257 VERGILI
535 208 693 258 MARONIS

98 339 141 394 his
156 338 284 396 medium
300 338 382 396 dictis
398 359 557 402 sermonem
573 340 726 417 abrumpit,
743 357 772 398 et
787 363 868 400 auras

99 439 180 492 aegra
197 418 279 493 fugit,
295 439 382 496 seque
398 440 432 477 ex
448 419 537 477 oculis
552 420 654 478 avertit
670 437 698 478 et
713 421 817 493 aufert,
864 492 867 499 Ι
925 441 955 489 ³89

102 499 237 575 linquens
252 499 343 556 multa
359 515 438 557 metu
455 515 642 558 cunctantem
659 517 687 558 et
697 503 788 559 multa
804 519 952 579 parantem

98 580 204 638 dicere.
247 579 410 657 succipiunt
424 581 559 652 famulae,
575 582 758 659 collapsaque
774 585 904 640 membra

98 681 257 718 marmoreo
271 661 400 718 referunt
416 662 541 718 thalamo
557 662 708 740 stratisque
723 680 881 739 reponunt.

139 757 168 798 at
182 742 245 818 pius
259 743 381 812 AeneaS,
397 761 570 819 quamquam
586 742 677 800 lenire
692 742 844 801 dolentem

99 822 218 879 solando
233 821 314 898 cupit
330 838 357 879 et
373 822 456 880 dictis
471 838 599 880 avertere
615 843 703 893 curas,

99 904 189 960 multa
204 923 330 978 gemens,
347 923 507 980 magnoque
522 903 650 961 animum
667 904 826 961 labefactus
842 925 948 976 amore,

99 984 170 1040 iussa
187 1001 283 1041 tamen
299 983 395 1040 divom
412 983 584 1059 exsequitur,
601 984 776 1061 classemque
792 986 901 1043 revisit.

78 1070 161 1128 {tum
176 1085 244 1121 vero
260 1063 368 1121 Teucri
384 1064 612 1133 incumbunt,=et
628 1064 712 1121 litore
728 1065 816 1142 celsas

99 1145 248 1202 deducunt
264 1160 325 1201 toto
341 1164 436 1201 naves.
479 1159 558 1200 natat
574 1160 661 1201 uncta
677 1145 772 1202 carina
786 1171 794 1216 3

77 1234 84 1266 ¹
100 1225 324 1302 frondentesque
339 1225 437 1282 ferunt
450 1244 543 1281 remos
559 1240 587 1281 et
602 1225 701 1282 robora
717 1225 795 1283 silvis

84 1305 278 1375 ·infabricata‚
294 1305 378 1380 fugae
393 1304 496 1362 studio.
927 1340 965 1376 400

100 1386 252 1462 migrantes
268 1406 375 1456 cernas,
388 1401 505 1462 totaque
522 1407 556 1443 ex
572 1386 641 1443 urbe
656 1403 791 1457 ruentes;

100 1488 132 1525 ac
147 1468 227 1524 velut
242 1467 390 1540 ingentem
406 1467 544 1524 formicae
559 1467 640 1524 farris
654 1487 788 1525 acervum

100 1568 166 1605 cum
182 1548 331 1623 populant,
347 1547 449 1604 hiemis
465 1567 615 1617 memores,
632 1562 767 1625 tectoque
783 1569 932 1626 reponunt
947 1577 954 1621 ;

100 1628 122 1685 it
138 1628 250 1702 nigrum
266 1627 373 1703 campis
387 1647 499 1702 agmen,
515 1628 708 1705 praedamque
723 1649 774 1705 per
789 1630 892 1687 herbas

100 1723 274 1766 convectant
289 1708 363 1765 calle
378 1724 496 1782 angusto
511 1734 520 1778 ;
541 1729 604 1785 pars
619 1709 736 1783 grandia
752 1710 874 1767 trudunt

99 1789 223 1846 obnixae
239 1789 383 1845 frumenta
399 1789 502 1846 umeris
517 1815 525 1858 ;
546 1810 608 1866 pars
624 1789 737 1863 agmina
753 1807 862 1864 cogunt

100 1869 296 1946 castigantque
312 1889 403 1925 moras
417 1895 425 1938 ;
447 1890 532 1945 opere
549 1869 641 1926 omnis
657 1869 757 1926 semita
773 1870 876 1929 feritet.

100 1951 161 2027 quis
178 1950 228 2007 tibi
246 1967 316 2020 turn,
332 1949 419 2019 Dido,
435 1950 566 2007 cernenti
583 1950 651 2007 talia
667 1971 771 2021 sensus,

101 2052 206 2107 quosve
222 2031 307 2087 dabas
321 2030 451 2104 gemitus,
468 2051 534 2087 cum
550 2030 632 2087 litora
648 2031 758 2088 fervere
774 2033 833 2089 late

101 2111 275 2188 prospiceres
290 2131 353 2168 arce
369 2131 403 2167 ex
419 2131 538 2181 summa,
555 2126 705 2188 totumque
720 2110 834 2169 videres
928 2145 966 2180 410

101 2193 212 2249 misceri
228 2209 295 2248 ante
310 2192 408 2248 oculos
424 2191 510 2247 tantis
526 2191 697 2248 clamoribus
713 2198 842 2268 aequor?

101 2273 221 2348 inprobe
237 2293 323 2342 amor,
339 2271 408 2349 quid
425 2292 483 2338 nou
500 2271 630 2328 mortalia
645 2287 763 2348 pectora
779 2273 879 2348 cogis?

101 2353 141 2408 ire
157 2353 260 2409 iterum
275 2352 304 2409 in
321 2352 458 2421 lacrimas,
475 2352 579 2409 iterum
596 2367 736 2428 temptare
751 2356 899 2429 precando

101 2433 219 2507 cogitur,
237 2450 264 2489 et
280 2433 399 2508 supplex
415 2432 524 2489 animos
539 2432 707 2490 submittere
722 2434 822 2504 amori,

102 2535 138 2570 ne
154 2513 245 2590 quid
238 2530 370 2588 rnexpert
373 2534 421 2569 urn
438 2514 538 2568 frustra
555 2513 690 2569 moritura
705 2512 861 2604 relinquat.

142 2596 252 2664 ‘Anna,
268 2594 347 2650 vides
364 2610 424 2650 toto
439 2593 581 2669 properari
598 2593 753 2688 litorea
725 2606 842 2652 c1rcum

103 2675 229 2750 undique
245 2695 426 2743 convenere;
448 2690 531 2730 vocat
547 2673 602 2729 iam
618 2656 748 2730 carbasus
673 2614 852 2745 αυτῐὲζ,

88 2756 243 2831 puppibus
260 2771 288 2810 et
303 2754 371 2810 laeti
388 2769 491 2811 nautae
507 2753 659 2830 inposuere
675 2775 803 2813 coronas.

101 2838 178 2892 hunc
196 2855 246 2908 ego
262 2835 283 2890 si
298 2834 379 2910 potui
397 2850 508 2891 tantum
524 2855 634 2909 sperare
650 2835 788 2905 dolorem,
927 2866 966 2903 419

103 2931 131 2972 et
145 2915 281 2990 perferre,
297 2935 381 2984 soror,
397 2930 506 2991 potero.
549 2915 666 2971 miserae
682 2917 735 2971 hoc
753 2931 850 2973 tamen
867 2937 960 2973 unum

103 3013 266 3071 exsequere,
282 2995 376 3064 Anna,
393 2995 481 3064 mihi;
504 2994 593 3052 solam
609 3017 675 3051 nam
691 2995 815 3071 perfidus
831 2996 881 3052 ille

103 3092 130 3132 tc
146 3075 250 3143 colere,
267 3095 383 3131 arcanos
398 3074 485 3132 etiam
501 3075 553 3133 tibi
570 3075 686 3132 credere
702 3095 817 3144 sensus;

102 3157 160 3214 sola
175 3154 227 3210 viri
244 3155 452 3213 mollesaditus
470 3172 497 3212 et
513 3172 642 3231 tempora
659 3176 747 3214 noras

439 3233 484 3310 39⁴9
502 3264 584 3294 ramos.
