2002 3614
71 180 115 228 10⁶
343 181 370 228 P.
388 178 528 228 VERGILI
546 179 704 228 MARONIS

108 331 163 388 qua
180 312 248 368 ludo
263 286 382 367 indutus
396 310 466 368 belli
482 310 632 368 simulacra
647 311 751 369 ciebat.

108 392 251 449 adcelerat
267 391 351 448 simul
366 392 488 462 Aeneas,
503 391 587 448 simul
603 391 717 466 agmina
732 391 895 450 Teucrum.

108 488 150 529 ast
165 472 231 528 illae
246 471 357 528 diversa
372 488 451 529 metu
466 493 517 549 per
532 471 616 530 litora
630 471 735 549 passim

108 552 274 627 diffugiunt,
289 552 430 629 silvasque
445 569 474 610 et
489 552 579 610 sicubi
595 573 721 610 concava
736 552 838 609 furtim

108 654 173 690 saxa
188 649 310 710 petunt:
332 633 411 711 piget
426 633 535 710 incepti
550 633 689 711 lucisque,
705 653 826 710 suosque

108 730 235 771 mutatae
250 714 439 788 adgnoscunt,
455 734 629 791 excussaque
644 728 761 791 pectore
776 715 852 770 Iuno
868 727 922 770 est.

108 795 158 852 sed
173 815 231 851 non
247 794 356 852 idcirco
371 794 502 853 flammae
518 811 604 872 atque
619 794 754 852 incendia
768 793 842 850 vires
936 811 976 850 aso

109 875 263 933 indomitas
278 896 416 951 posuere:
440 876 497 932 udo
512 876 563 932 sub
582 877 682 933 robore
697 873 767 931 vivit

109 972 211 1032 stuppa
225 975 343 1017 vomens
359 957 474 1014 tardum
489 956 612 1026 fumum,
628 957 781 1033 lentusque
796 953 910 1012 carinas

109 1052 151 1094 est
166 1057 263 1113 vapor,
279 1053 308 1094 et
323 1052 384 1094 toto
399 1036 549 1094 descendit
564 1057 681 1113 corpore
696 1035 783 1112 pestis
792 1059 801 1102 3

109 1138 163 1175 nec
178 1117 252 1174 vires
266 1119 388 1174 heroum
403 1117 555 1193 infusaque
570 1115 690 1173 flumina
704 1131 834 1192 prosunt.

110 1214 172 1255 turn
187 1198 250 1275 pius
265 1199 377 1254 Aeneas
394 1197 498 1254 umeris
514 1197 680 1255 abscindere
694 1213 812 1265 vestem,

110 1279 276 1356 auxilioque
290 1298 392 1335 vocare
407 1278 484 1348 deos,
500 1293 529 1335 et
545 1277 662 1335 tendere
677 1277 803 1354 palmas:

90 1359 242 1436 ‘luppiter
256 1358 449 1435 omnipotens,
465 1358 486 1415 si
503 1359 633 1415 nondum
649 1377 749 1414 exosus
764 1357 799 1414 ad
815 1377 910 1414 unum

110 1440 263 1509 Troianos,
279 1440 300 1496 si
317 1439 387 1516 quid
401 1439 491 1516 pietas
507 1439 624 1516 antiqua
639 1438 749 1495 labores

111 1520 227 1597 respicit
241 1522 391 1591 humanos,
406 1520 442 1577 da
457 1519 601 1577 flammam
617 1519 737 1576 evadere
752 1517 832 1575 classi

111 1621 199 1672 nunc,
216 1601 309 1670 Pater,
325 1616 354 1658 et
370 1617 470 1658 tenues
486 1600 636 1658 Teucrum
651 1620 693 1656 res
709 1598 788 1675 eripe
802 1599 872 1657 leto.
937 1617 978 1666 690

110 1682 155 1738 vel
172 1696 214 1750 tu,
229 1682 307 1757 quod
321 1697 459 1757 superest,
474 1681 580 1738 infesto
595 1680 718 1737 fulmine
733 1679 829 1749 morti,

111 1762 132 1818 si
148 1782 267 1832 mereor,
283 1761 413 1832 demitte,
429 1777 535 1838 tuaque
551 1761 598 1818 hic
613 1761 702 1818 obrue
717 1759 837 1817 dextra!

111 1842 158 1898 vix
173 1843 243 1899 haec
260 1842 397 1913 ediderat,
413 1860 480 1899 cum
495 1841 591 1898 effusis
606 1840 745 1898 imbribus
760 1854 820 1897 atra

112 1938 264 1998 tempestas
279 1922 340 1980 sine
355 1943 434 1980 more
450 1922 529 1992 furit,
546 1921 714 1999 tonitruque
730 1936 910 1978 tremescunt

111 2004 199 2060 ardua
214 2019 353 2060 terrarum
369 2019 398 2060 et
413 2002 527 2079 campi;
549 2002 606 2059 ruit
621 2004 737 2059 aethere
753 2017 814 2058 toto

112 2084 242 2142 turbidus
257 2083 348 2142 imber
363 2104 435 2160 aqua
451 2083 604 2160 densisque
620 2081 789 2157 nigerrimus
803 2081 937 2151 Austris;

112 2165 319 2241 inplenturque
335 2185 419 2241 super
433 2183 562 2241 puppes;
584 2179 706 2220 semusta
722 2162 894 2219 madescunt

112 2246 231 2314 robora;
252 2246 405 2302 restinctus
421 2245 512 2302 donec
529 2265 618 2321 vapor
631 2243 735 2312 omnis,
750 2258 779 2299 et
794 2262 906 2314 omnes,

112 2346 131 2403 q
171 2342 248 2381 ttuor
263 2325 379 2395 amissis,
395 2341 519 2383 servatae
536 2347 551 2381 a
567 2341 644 2401 peste
660 2323 783 2381 carinae.

153 2421 181 2461 at
196 2424 275 2481 pater
289 2408 411 2476 Aeneas,
426 2426 492 2463 casu
508 2425 662 2462 concussus
677 2404 790 2474 acerbo,
939 2433 978 2471 700

69 2346 190 2581 Ᾰῖις
206 2488 263 2542 huc
279 2488 408 2560 ingentes
424 2506 502 2542 nunc
518 2485 587 2542 illuc
602 2501 719 2562 pectore
734 2504 816 2541 curas

112 2567 242 2622 mutabat
256 2587 379 2637 versam,
396 2566 538 2624 Siculisne
553 2566 691 2623 resideret
705 2564 787 2636 arvis,

112 2646 219 2702 oblitus
235 2646 369 2717 fatorum,
384 2649 509 2704 Italasne
527 2661 685 2722 capesseret
700 2666 771 2702 oras.

113 2742 175 2781 tum
191 2727 285 2783 senior
300 2728 421 2798 Nautes,
438 2747 528 2784 unum
544 2727 679 2784 Tritonia
695 2725 788 2782 Pallas

113 2826 199 2881 quern
214 2807 324 2876 docuit,
339 2809 488 2884 multaque
504 2807 646 2882 insignem
661 2806 786 2863 reddidit
801 2821 914 2877 arte,—

113 2888 165 2943 hac
182 2908 314 2962 responsa
330 2889 424 2957 dabat,
440 2889 485 2944 vel
502 2908 575 2964 quae
591 2887 776 2963 portenderet
792 2886 833 2942 ira

113 2986 214 3039 magna
229 2967 324 3038 deum,
340 2970 385 3025 vel
401 2989 474 3045 quae
490 2968 615 3025 fatorum
630 2981 761 3044 posceret
775 2967 888 3024 ordo-

113 3046 193 3122 isque
208 3047 252 3103 his
266 3049 386 3105 Aenean
402 3050 507 3105 solatus
522 3048 640 3104 vocibus
655 3046 738 3104 infit:

94 3132 180 3184 ‘nate
196 3127 258 3197 dea,
274 3148 331 3203 quo
346 3129 404 3185 fata
421 3129 539 3185 trahunt
555 3130 772 3202 retrahuntque,
788 3147 957 3204 sequamur:

247 3220 293 3266 680
312 3220 439 3268 flammam.
475 3221 578 3267 flamma.
613 3221 659 3274 706
677 3218 732 3265 haec
744 3219 803 3266 codd.
