2002 3614
318 177 483 226 AENEIDOS
501 177 563 225 LIB.
581 178 605 224 11

82 307 181 382 respicio,
195 322 222 365 et
237 326 309 385 quae
325 307 360 363 sit
376 327 422 363 me
437 306 545 364 circum
561 307 642 383 copia
656 307 753 364 lustro.

82 384 198 444 deseruere
212 407 311 445 omnes
325 386 436 456 defessi,
453 402 481 444 et
496 407 609 463 corpora
624 387 695 444 saltu

83 464 107 521 ad
118 482 202 525 terram
217 468 319 524 misere
334 484 382 524 aut
397 467 509 541 ignibus
524 488 605 542 aegra
619 467 731 525 dedere.

111 546 204 624 iamque
218 548 289 605 adeo
304 569 388 624 super
403 568 475 605 unus
490 568 573 617 eram,
590 569 656 605 cum
671 548 771 604 iimina
785 549 888 604 Vestae

83 645 210 687 servantem
225 644 254 687 et
269 629 384 686 tacitam
399 645 506 686 secreta
521 629 550 686 in
566 629 630 685 sede
646 630 783 685 latentem

84 704 218 780 Tyndarida
232 709 337 785 aspicio
350 733 359 778 ;
381 710 449 768 dant
464 710 537 767 clara
552 709 684 765 incendia
700 709 794 765 lucem

84 789 161 847 erranti
174 790 331 867 passimque
347 792 443 847 oculos
460 811 508 866 per
523 806 627 847 cuncta
642 789 755 846 ferenti.
879 818 915 854 ⁵70

83 865 117 923 illa
128 869 170 926 sibi
185 870 299 927 infestos
316 891 411 927 eversa
425 870 461 927 ob
478 871 611 944 Pergama
627 871 777 939 Teucros,¹

83 962 103 1002 et
112 969 199 1024 poenas
213 950 347 1007 Danaum
362 967 391 1008 et
405 950 507 1007 deserti
523 950 649 1030 coniugis
665 951 717 1006 iras

83 1046 260 1099 praemetuens,
278 1030 383 1088 Troiae
398 1046 425 1088 et
440 1030 545 1107 patriae
561 1031 720 1087 communis
737 1029 847 1104 Erinys,

84 1106 198 1168 abdiderat
212 1131 280 1181 sese,
296 1128 380 1188 atque
395 1111 447 1168 aris
462 1111 551 1167 invisa
566 1111 687 1169 sedebat.

84 1205 181 1248 exarsere
195 1191 273 1265 ignes
289 1192 385 1249 animo
398 1217 406 1261 3
427 1191 503 1249 subit
518 1191 558 1248 ira
572 1192 720 1248 cadentem

84 1268 157 1328 ulcisci
171 1272 298 1347 patriam,
315 1287 343 1330 et
357 1273 503 1329 sceleratas
518 1293 628 1329 sumere
643 1293 766 1347 poenas:

71 1347 166 1410 ‘scilicet
179 1353 247 1409 haec
264 1353 391 1428 Spartam
405 1353 557 1410 incolumis
572 1353 728 1431 patriasque
745 1354 882 1427 Mycenas

84 1430 179 1504 aspiciet,
194 1448 330 1510 partoque
346 1433 398 1491 ibit
413 1434 508 1508 regina
523 1434 691 1510 triumpho?

72 1512 278 1590 ¹coniugiumque
293 1513 467 1591 domumque
482 1531 573 1590 patres
588 1531 723 1591 natosque
739 1513 855 1581 videbit,

84 1587 179 1652 iliadum
194 1594 277 1652 turba
293 1611 321 1652 et
337 1594 463 1669 Phrygiis
478 1595 612 1652 comitata
627 1594 779 1651 ministris?
882 1610 918 1657 580

84 1672 193 1732 occiderit
207 1676 280 1732 ferro
296 1675 444 1732 Priamus?
486 1675 574 1732 Troia
589 1675 685 1732 arserit
702 1675 783 1748 igni?

84 1746 233 1813 Dardanium
249 1755 332 1812 toties
347 1755 452 1813 sudarit
466 1756 601 1830 sanguine
617 1756 704 1812 litus?

84 1847 123 1889 non
135 1835 177 1893 ita.
219 1856 352 1912 namque,
369 1837 421 1894 etsi
436 1837 550 1893 nullum
565 1836 748 1893 memorabile
764 1855 869 1892 nomen

84 1908 181 1973 feminea
195 1915 225 1972 in
241 1936 336 1992 poena⁴
348 1933 389 1974 est
404 1937 458 1974 nec
474 1917 560 1975 habet
575 1917 691 1973 victoria
706 1916 827 1983 laudem,

84 1995 221 2054 exstinxisse
238 1997 316 2053 nefas
333 2014 428 2054 tamen
445 2014 474 2055 et
488 1997 635 2073 sumpsisse
651 2013 790 2053 merentes

83 2069 190 2133 laudabor
205 2097 318 2153 poenas,
335 2078 519 2155 animumque
535 2078 661 2152 explesse
676 2077 783 2134 iuuabit

83 2151 166 2214 ultricis
181 2156 323 2227 flammae,
338 2175 366 2216 et
382 2159 490 2215 cineres
506 2158 614 2214 satiasse
631 2157 779 2215 meorum.'

83 2234 130 2291 talia
141 2237 288 2307 iactabam,
304 2254 332 2294 et
346 2233 449 2295 furiata
464 2255 561 2295 mente
578 2239 696 2308 ferebar,

83 2329 131 2372 tum
143 2317 209 2374 mihi
225 2339 264 2388 se,
281 2339 339 2374 non
355 2336 420 2375 ante
436 2319 526 2375 oculis
542 2336 598 2375 tam
615 2319 696 2386 clara,
713 2318 864 2375 videndam

83 2393 173 2469 obtulit,
188 2415 216 2456 et
231 2419 302 2474 pura
316 2419 365 2474 per
381 2416 497 2456 noctem
512 2399 541 2455 in
558 2400 622 2456 luce
637 2399 746 2456 refulsit
886 2425 922 2462 590
981 2412 983 2415 '

84 2473 137 2533 elma
149 2485 254 2555 paiens,
271 2480 398 2536 confessa
414 2479 506 2549 deam,
522 2481 667 2557 quadisque
682 2478 769 2535 videri

85 2557 199 2617 caelicolis
214 2577 243 2618 et
259 2576 363 2637 quanta
379 2561 448 2618 solet
462 2585 470 2630 ;
492 2562 646 2637 dextraque
662 2561 832 2634 prehensum

86 2639 212 2710 continuit,
227 2661 364 2718 roseoque
379 2643 448 2698 haec
465 2641 581 2716 insuper
596 2640 702 2697 addidit
717 2660 763 2695 ore
778 2662 784 2697 :

76 2716 141 2787 ‘nate
153 2721 209 2797 quis
225 2721 377 2779 indomitas
393 2738 485 2779 tantus
502 2723 581 2779 dolor
596 2721 701 2777 excitat
716 2720 790 2776 iras?
842 2744 843 2747 ¹

89 2797 137 2867 quid
149 2801 233 2859 furis?
255 2819 304 2859 aut
320 2824 443 2879 quonam
459 2803 545 2859 nostri
562 2802 613 2859 tibi
629 2822 695 2857 eura
710 2800 845 2856 recessit?

90 2891 130 2961 ssyn
142 2882 208 2954 prius
224 2883 353 2958 aspicies,
369 2884 417 2940 nbi
434 2885 537 2939 fessum
554 2898 643 2938 aetate
659 2898 804 2956 parentem

91 2950 178 3030 llqueris
191 2964 362 3020 Anchisen?
384 2980 495 3039 superet
511 2963 676 3019 coniunxne
693 2962 808 3028 Creusa,

93 3031 253 3119 Ascaniusque
268 3048 363 3121 puer?
384 3065 452 3121 quos
468 3065 565 3101 omnes
582 3043 708 3118 undique
724 3041 826 3097 Graiae

94 3128 263 3181 circumerrant
280 3124 364 3193 acies,
380 3141 416 3196 et,
434 3125 463 3180 ni
479 3146 542 3181 mea
557 3145 622 3180 cura
638 3139 755 3192 resistat,

101 3204 176 3269 5⁶7·de
191 3217 453 3280 omittuntrodr'cascprtimi,
489 3219 535 3282 585
555 3218 676 3267 merentis.
716 3219 759 3284 587
779 3219 879 3265 inrisam.
