2002 3614
342 190 508 240 AENEIDOS
526 191 589 241 LIB.
606 195 632 242 V
907 209 949 243 ror

89 323 268 400 Hyrtacidae
283 337 352 380 ante
367 343 466 381 omnes
481 324 541 381 exit
556 325 636 381 locus
652 323 885 401 Hippocoontis;

88 424 176 481 quem
190 403 278 462 modo
294 403 389 461 navali
405 405 579 463 Mnestheus
594 405 751 462 certamine
766 405 858 462 victor

88 484 285 562 consequitur,
300 483 386 542 viridi
402 486 576 543 Mnestheus
591 485 721 543 evinctus
737 485 830 554 oliva;

89 565 191 623 tertius
206 564 359 642 Eurytion,
375 582 451 637 tuus,
467 587 484 623 ο
499 566 665 638 clarissime,
680 567 776 637 frater,

90 646 229 717 Pandare,
244 645 296 722 qui
311 646 467 723 quondam,
483 647 574 704 iussus
589 647 769 705 confundere
784 647 894 719 foedus,

88 726 119 783 in
134 726 245 783 medios
261 727 353 784 telum
369 727 474 785 torsisti
489 728 598 805 primus
612 728 748 786 Achivos.

87 821 233 864 extremus
232 807 409 898 galeaque
402 828 458 865 nna
474 809 602 866 subsedit
615 810 742 879 Acestes,

87 908 171 944 ausus
187 903 216 945 et
230 887 292 964 ipse
306 907 395 945 manu
410 888 549 947 iuvenum
565 904 705 966 temptare
720 889 856 947 laborem.

87 984 151 1025 tum
165 967 269 1025 validis
283 967 394 1025 flexos
387 984 541 1027 incurvant
555 969 663 1027 viribus
678 990 759 1027 arcus
913 998 952 1036 500

86 1069 139 1125 pro
154 1069 183 1106 se
199 1048 321 1126 quisque
336 1048 399 1120 viri,
414 1065 443 1107 et
458 1051 633 1127 depromunt
648 1050 705 1107 tela
720 1049 869 1126 pharetris.

86 1129 238 1206 primaque
253 1150 305 1206 per
319 1129 433 1186 caelum
449 1150 537 1187 nervo
552 1130 692 1188 stridente
707 1130 807 1205 sagitta

88 1209 291 1286 Hyrtacidae
283 1209 394 1266 iuvenis
410 1210 541 1269 volucres
555 1211 717 1269 diverberat
731 1231 830 1280 auras;

87 1304 115 1347 et
130 1289 222 1360 venit,
238 1289 406 1368 adversique
421 1290 551 1366 infigitur
565 1292 664 1349 arbore
679 1291 758 1350 mali.

86 1369 239 1428 intremuit
255 1370 355 1442 malus,
372 1370 527 1449 timuitque
543 1373 677 1430 exterrita
692 1371 789 1449 pinnis

86 1451 153 1522 ales,
169 1466 199 1508 et
214 1450 325 1525 ingenti
342 1467 501 1509 sonuerunt
515 1453 612 1509 omnia
627 1454 738 1530 plausu.

85 1545 150 1607 post
165 1551 231 1589 acer
247 1532 421 1590 Mnestheus
436 1533 562 1591 adducto
576 1533 707 1591 constitit
722 1553 799 1604 arcu,

87 1612 145 1668 alta
145 1626 272 1702 petens,
288 1613 452 1690 pariterque
467 1615 565 1671 oculos
581 1615 730 1705 telumque
745 1613 888 1674 tetendit:

87 1708 129 1749 ast
144 1691 236 1769 ipsam
251 1693 428 1751 miserandus
445 1714 526 1751 avem
541 1694 709 1769 contingere
726 1694 800 1752 ferro

87 1792 147 1829 non
161 1773 273 1843 valuit;
295 1774 385 1831 nodos
401 1790 430 1831 et
444 1773 562 1831 vincula
576 1774 653 1832 linea
669 1775 756 1851 rupit,
911 1803 949 1842 510

86 1853 150 1930 quis
165 1853 273 1910 innexa
286 1845 390 1930 pedem
406 1856 482 1912 malo
496 1855 642 1931 pendebat
657 1856 692 1912 ab
708 1856 783 1914 alto:

85 1934 137 1990 illa
152 1933 248 1991 Notos
263 1948 349 2011 atque
365 1950 424 1992 atra
438 1935 560 1992 volans
553 1956 584 2004 in
600 1935 699 1993 nubila
714 1936 797 2011 fugit.

86 2029 149 2072 tum
164 2014 290 2092 rapidus,
306 2015 475 2072 iamdudum
490 2035 557 2073 arcu
574 2031 711 2074 contenta
725 2032 825 2093 parato

85 2096 143 2152 tela
158 2111 271 2166 tenens,
287 2095 405 2153 fratrem
420 2096 562 2172 Eurytion
578 2096 608 2152 in
623 2112 690 2153 vota
704 2096 827 2167 vocavit,

85 2175 142 2233 iam
157 2196 250 2234 vacuo
264 2176 369 2233 laetam
385 2178 464 2234 caelo
480 2178 652 2253 speculatus,
668 2192 696 2234 et
712 2177 762 2234 alis

84 2256 275 2333 plaudentem
291 2256 370 2331 nigra
386 2256 513 2331 figit'sub
529 2258 607 2315 nube
622 2257 796 2315 columbam.

85 2337 194 2394 decidit
210 2336 360 2407 exanimis,
375 2337 523 2414 vitamque
539 2337 656 2414 reliquit
671 2337 702 2394 in
718 2337 797 2394 astris

85 2417 229 2488 aetheriis,
245 2417 389 2495 fixamque
404 2419 492 2476 refert
508 2419 623 2495 delapsa
638 2417 778 2492 sagittam.

84 2498 185 2555 amissa
200 2498 276 2555 solus
291 2499 386 2574 palma
401 2499 553 2575 superabat
567 2499 703 2556 Acestes:

84 2578 133 2655 qui
150 2594 248 2636 tamen
264 2578 351 2635 aerias
367 2579 457 2636 telum
472 2579 624 2636 contendit
640 2579 670 2635 in
686 2600 775 2649 auras,
911 2607 947 2645 φο

84 2674 231 2716 ostentans
247 2674 396 2735 artemque
410 2675 492 2735 pater
507 2680 662 2736 arcumque
678 2675 838 2718 sonantem.

85 2740 131 2797 hic
146 2740 238 2799 oculis
254 2739 384 2797 subitum
398 2738 523 2797 obicitur
538 2759 699 2816 magnoque
715 2740 846 2797 futurum

85 2821 201 2893 augurio
217 2836 397 2878 monstrum:
420 2820 519 2877 docuit
533 2836 597 2897 post
613 2821 706 2877 exitus
722 2820 831 2894 ingens,

85 2921 200 2977 seraque
218 2900 335 2959 terrifici
352 2899 522 2957 cecinerunt
537 2900 634 2957 omina
649 2917 735 2958 vates.

85 3000 206 3058 namque
221 2982 323 3039 volans
340 2980 456 3056 liquidis
472 2981 502 3037 in
518 2981 642 3038 nubibus
658 2981 725 3036 arsit
739 2980 879 3050 harundo,

85 3060 261 3139 signavitque
277 3060 355 3118 viam
370 3060 500 3130 flammis,
517 3076 675 3138 tenuesque
691 3061 805 3118 recessit

85 3159 251 3220 consumpta
267 3143 299 3199 in
315 3155 435 3197 ventos:
457 3140 536 3197 caelo
552 3161 605 3198 ceu
621 3162 703 3218 saepe
719 3141 806 3197 refixa

313 3247 358 3295 520
376 3233 495 3279 contorsit.
531 3246 575 3294 522
593 3233 676 3280 subito.
