2002 3614
305 178 470 226 AENEIDOS
488 178 549 225 LIB.
567 179 579 225 I

58 305 92 380 qui
105 307 220 384 dapibus
234 327 345 365 mensas
360 322 480 364 onerent
495 322 523 364 et
538 302 640 383 pocula
654 324 770 385 ponant.

55 404 166 445 necnon
181 404 210 445 et
225 388 310 464 Tyrii
325 409 375 464 per
390 387 489 445 limina
504 389 576 445 laeta
590 389 751 465 frequentes

53 485 207 537 convenere,
223 470 290 526 toris
306 468 370 526 iussi
386 469 564 526 discumbere
579 469 672 545 pictis.

51 548 176 606 mirantur
191 550 266 607 dona
279 551 404 619 Aeneae,
421 549 558 607 mirantur
574 550 671 606 Iulum

48 626 106 716 llar
65 646 241 715 arantesque
256 630 302 688 dei
317 631 412 688 vultus
428 630 613 707 simulataque
628 631 714 687 verba
866 660 903 698 710

105 732 198 801 que
213 727 241 768 et
256 711 366 787 pictum
383 731 484 768 croceo
499 711 628 774 velamen
643 712 773 768 acantho.

45 778 189 867 praecipue
204 791 315 875 infelrx,
331 792 403 867 pesti
419 792 520 849 devota
532 778 655 860 futurae,

46 872 145 947 expleri
160 887 290 929 mentem
306 872 405 963 nequit
421 873 596 949 ardescitque
612 872 719 930 tuendo

47 950 200 1022 Phoenissa,
215 969 244 1010 et
258 953 361 1028 pariter
375 973 464 1029 puero
479 953 616 1030 donisque
632 969 771 1009 movetur

46 1030 87 1088 ille
103 1033 149 1089 ubi
165 1033 319 1108 complexu
334 1035 449 1091 Aeneae
466 1034 597 1110 colloque
613 1033 748 1109 pependit

47 1127 71 1167 et
82 1133 217 1205 magnum
232 1114 293 1170 falsi
308 1113 429 1189 inplevit
445 1114 578 1188 genitoris
594 1133 728 1183 amorem,

49 1194 162 1266 reginam
178 1193 260 1270 petit.
302 1196 370 1251 haec
387 1195 489 1286 oculis,
504 1196 572 1251 haec
588 1211 702 1270 pectore
718 1209 777 1251 toto

50 1273 133 1361 haeret
148 1290 176 1332 et
191 1275 336 1331 interdurn
350 1275 458 1348 gremio
474 1274 583 1354 fovet,
576 1274 664 1353 magia
678 1273 764 1342 Dido,

52 1351 84 1409 ins
85 1354 140 1411 idat
154 1370 276 1432 quantus
284 1355 410 1427 miserae
375 1344 542 1412 aedeus.
543 1348 570 1412 at
585 1375 695 1412 memor
709 1355 758 1411 ille

55 1435 133 1522 pratris
146 1435 295 1493 Acidaliae
310 1429 447 1510 paulatim
463 1436 574 1492 abolere
591 1437 750 1511 Sychaeum
865 1465 904 1502 720

57 1511 149 1602 incipit,
165 1533 194 1574 et
208 1515 273 1572 vivo
289 1532 408 1593 temptat
424 1532 601 1593 praevertere
617 1536 711 1573 amore

59 1592 221 1671 iampridem
236 1596 338 1654 resides
354 1597 461 1654 animos
477 1598 647 1675 desuetaque
663 1597 771 1654 corda.
750 1629 772 1669 ·t

88 1693 226 1754 postquam
241 1678 332 1754 prima
346 1678 426 1755 quies
442 1678 541 1755 epulis,
558 1681 732 1754 mensaeque
742 1684 873 1745 remotae,

63 1771 156 1814 crateras
172 1779 288 1834 magnos
303 1774 430 1817 statuunt
446 1775 473 1816 et
489 1759 555 1816 vina
570 1775 716 1816 coronant.

63 1831 78 1888 it
88 1839 206 1914 strepitus
221 1839 304 1896 tectis
318 1858 475 1917 vocemque
490 1860 540 1917 per
555 1840 647 1916 ampla
661 1840 791 1897 volutant

65 1916 129 1973 atria·
123 1919 313 1995 ,dependent
328 1920 426 1994 lychni
443 1920 619 1997 laquearibus
635 1920 723 1977 aureis

65 1990 158 2067 incensi,
173 2016 202 2057 et
217 2015 333 2057 noctem
348 1999 468 2058 flammis
485 2000 591 2057 funalia
606 2001 737 2058 vincunt.

66 2071 96 2131 hic
108 2081 195 2154 regina
208 2100 323 2155 gravem
337 2082 456 2156 gemmis
472 2102 594 2159 auroque
609 2081 737 2158 poposcit

67 2149 213 2238 1rplevitque
229 2181 307 2218 mero
321 2178 457 2238 pateram,
473 2183 556 2240 quam
572 2162 657 2218 Belus
673 2178 701 2219 et
715 2181 813 2219 omnes

67 2235 248 2310 aBelosoliti;
270 2257 331 2299 tum
347 2242 419 2300 facta
435 2243 545 2300 silentia
561 2243 661 2300 tectis:
865 2270 903 2308 ⁷30

56 2310 175 2394 luppiter,
190 2323 346 2397 hospitibus
363 2343 428 2380 nam
445 2339 472 2380 te
488 2323 575 2380 dare'
568 2345 627 2379 1ura
643 2324 808 2399 loquuntur,

68 2391 121 2456 huuc
135 2403 238 2460 laetum
254 2402 406 2480 Tyriisque
422 2404 499 2460 diem
516 2403 662 2494 Troiaque
677 2403 814 2478 profectis

68 2491 94 2530 ess
87 2496 107 2534 se
119 2484 191 2552 velis,
206 2499 371 2562 nostrosque
387 2485 471 2541 huius
488 2484 649 2544 meminisse
665 2483 796 2541 minores.

68 2555 115 2617 adsit
127 2563 247 2622 laetitiae
263 2564 392 2621 Bacchus
407 2551 492 2621 dator
501 2581 529 2621 et
545 2564 618 2620 bona
633 2553 734 2639 Iunol

68 2651 86 2691 et
97 2660 160 2702 roso
174 2662 300 2713 coetum,
317 2645 409 2719 Tyrii,
425 2627 565 2702 celch‘rate
581 2640 733 2701 faventes.

68 2712 125 2791 dixit,
138 2742 163 2783 et
178 2726 208 2782 in
224 2746 352 2782 mensam
367 2725 485 2782 laticum
501 2725 599 2781 libavit
614 2725 760 2791 honorem,

68 2811 182 2882 lunaque
198 2806 288 2863 libato
303 2825 414 2863 summo
428 2821 521 2862 tenus
526 2805 618 2879 attigit
632 2826 700 2862 ore
693 2848 701 2873 ,

68 2887 109 2938 lum
122 2885 205 2945 Bitiae
221 2885 323 2944 dedit
291 2887 511 2962 trncrepitans;
533 2886 603 2942 illc
597 2885 707 2962 inpiger
721 2884 814 2941 hausit

68 2973 213 3029 spurnttntem
230 2983 360 3044 pateram
376 2984 403 3025 ct
418 2967 504 3043 pleno
519 2987 546 3023 se
545 2966 668 3058 proluit
683 2986 771 3033 auro,

68 3049 158 3106 ustalii
173 3069 316 3128 proceres.
359 3048 464 3104 cithara
480 3047 598 3110 crinitus
614 3049 695 3121 Iopas
866 3072 903 3108 740

68 3133 110 3186 Pers
102 3144 165 3189 sonat
179 3148 289 3198 aurata,
305 3128 403 3186 docuit
419 3149 504 3204 quem
520 3127 659 3184 maximus
674 3128 764 3184 Atlas

295 3236 343 3280 719
360 3221 465 3267 insideat
502 3235 532 3282 72
536 3235 548 3284 ς
571 3221 605 3269 fit.
