2002 3614
341 188 507 237 auurruos
525 189 587 237 una.
605 190 643 238 vr
898 203 941 252 ιη

79 319 125 376 his
141 318 224 376 dictis
238 336 323 376 curae
339 333 459 388 emotae,
475 319 629 395 pulsusque
644 338 795 395 parumper

79 399 167 457 corde
182 399 265 456 dolor
280 397 370 467 tristi;
391 398 495 473 gaudet
511 399 682 474 cognomine
697 414 798 457 terrae.

122 499 190 554 ergo
216 479 272 537 iter
301 479 450 557 inceptum
479 495 619 556 peragunt
653 479 797 558 fluvioque
825 478 942 555 propin·

182 576 261 619 uant.

80 583 181 699 navit}
192 662 264 734 quos
279 642 336 699 iam
351 641 418 699 inde
433 659 465 700 ut
481 642 577 718 Stygia
592 641 736 718 prospexit
751 641 787 698 ab
802 640 877 698 unda

79 744 131 798 per
146 723 266 780 tacitum
281 743 382 780 nemus
396 723 437 781 ire
451 723 612 801 pedemque
628 721 810 781 advertere
789 742 876 798 ripae,

80 803 121 860 sic
123 803 214 894 prior
229 804 392 877 adgreditur
406 804 502 873 dictis,
517 819 603 880 atque
619 803 749 879 increpat
764 802 859 859 ultro:

60 883 209 961 ‘quisquis
225 904 264 954 es,
279 899 402 942 armatus
418 884 466 976 qui
483 901 577 941 nostra
593 883 629 940 ad
643 882 763 940 flumina
779 883 879 950 tendis,

80 965 139 1020 fare
151 983 212 1038 age,
223 929 294 1041 qriid
305 964 411 1034 venias,
423 965 480 1021 iam
493 964 590 1034 istinc,
603 980 630 1020 et
643 963 798 1056 comprime
810 982 944 1038 gressum.

81 1045 249 1102 umbrarum
264 1045 312 1102 hic
329 1046 407 1102 locus
419 1061 470 1114 est,
483 1045 574 1102 somni
592 1045 741 1124 noctisque
753 1065 867 1120 soporae
881 1068 889 1112 ;
909 1072 946 1112 390

80 1145 200 1200 corpora
215 1124 281 1182 viva
296 1124 374 1182 nefas
391 1125 488 1200 Stygia
505 1142 618 1183 vectare
635 1125 740 1183 carina.

80 1225 134 1262 nec
149 1226 219 1263 vero
231 1205 355 1262 Alciden
371 1225 417 1262 me
433 1226 495 1263 sum
513 1206 633 1263 laetatus
648 1221 764 1263 euntem

79 1285 224 1362 accepisse
240 1286 313 1356 lacu,
329 1306 382 1343 nec
398 1287 514 1343 Thesea
532 1286 758 1364 Pirithoumque,

79 1366 124 1423 dis
138 1387 313 1444 quamquam
328 1367 418 1442 geniti
435 1383 520 1445 atque
536 1367 639 1424 invicti
655 1367 761 1424 viribus
777 1381 878 1423 essent.

80 1447 256 1504 Tartareum
272 1447 321 1504 ille
336 1468 422 1505 manu
440 1447 589 1505 custodem
603 1447 635 1504 in
650 1447 745 1505 vincla
760 1446 861 1522 petivit

79 1527 168 1603 ipsius
183 1549 200 1584 a
215 1527 285 1585 solio
300 1528 380 1602 regis,
397 1529 541 1606 traxitque
557 1543 749 1597 trementem3

80 1609 110 1664 hi
126 1608 274 1665 dominam
288 1608 364 1666 Ditis
379 1609 505 1667 thalamo
521 1609 666 1667 deducere
681 1606 788 1666 adorti.'

79 1708 153 1765 quae
168 1705 269 1746 contra
284 1687 406 1746 breviter
421 1689 478 1747 fata
495 1706 536 1747 est
550 1689 725 1766 Amphrysia
740 1704 838 1746 vates:

62 1770 178 1826 ‘nullae
193 1769 241 1826 hic
257 1768 377 1827 insidiae
393 1771 609 1828 tales-absiste
625 1770 773 1827 moveri—

80 1870 135 1907 nec
150 1849 210 1907 vim
226 1851 282 1907 tela
297 1849 413 1908 ferunt:
436 1851 505 1908 licet
521 1851 621 1926 ingens
637 1850 739 1908 ianitor
754 1866 836 1908 antro
910 1879 948 1915 400

80 1946 230 1988 aeternum
245 1930 350 1988 latrans
365 1951 522 2006 exsangues
539 1947 641 1989 terreat
656 1931 769 1989 umbras
782 1955 791 1997 ;

79 2027 157 2068 casta
172 2011 242 2068 licet
257 2011 349 2087 patrui
365 2029 456 2069 servet
473 2012 641 2089 Proserpina
657 2012 756 2070 limen.

80 2092 187 2149 Tro'r'us
201 2093 324 2161 Aeneas,
337 2092 443 2167 pietate
460 2093 580 2168 insignis
597 2109 625 2150 et
640 2093 733 2162 armis,

79 2172 118 2229 ad
130 2172 290 2248 genitorem
305 2172 375 2230 imas
390 2173 474 2230 Erebi
493 2173 643 2230 descendit
658 2174 694 2230 ad
709 2173 831 2231 umbras.

79 2253 103 2309 si
119 2270 146 2310 te
161 2253 242 2310 nulla
257 2267 352 2310 movet
367 2269 461 2310 tantae
478 2253 592 2329 pietatis
608 2255 712 2346 imago,

79 2350 109 2390 at
123 2353 234 2391 ramum
250 2333 344 2392 hunc'
345 2335 478 2410 —aperit
494 2355 615 2402 ramum,
633 2335 682 2412 qui
699 2351 775 2392 veste
791 2334 938 2391 latebat-

58 2411 252 2489 ‘adgnoscas'
295 2415 403 2472 tumida
419 2435 454 2471 ex
470 2415 509 2472 ira
527 2430 589 2472 tum
605 2416 689 2473 corda
704 2415 838 2472 residunt.

80 2515 133 2552 nec
149 2495 231 2570 plura
246 2495 299 2553 his.
342 2495 391 2553 ille
407 2495 547 2552 admirans
566 2496 730 2553 venerabile
745 2496 852 2552 donum

80 2575 215 2633 fatalis
189 2596 294 2651 virgae,
310 2577 395 2651 longo
409 2592 471 2652 post
489 2592 616 2653 tempore
632 2577 733 2646 visum,

79 2657 242 2714 caeruleam
257 2657 378 2715 advertit
393 2657 512 2733 puppim
529 2657 665 2733 ripaeque
682 2657 864 2733 propinquat.
909 2687 947 2722 410

79 2737 148 2794 inde
164 2737 232 2794 alias
248 2737 365 2806 animas,
382 2758 454 2814 quae
470 2758 520 2814 per
536 2737 601 2811 iuga
618 2737 702 2811 longa
719 2738 865 2806 sedebant,

77 2817 220 2887 deturbat,
237 2817 371 2895 laxatque
386 2818 481 2876 foros:
504 2818 588 2875 simul
605 2817 711 2892 accipit
727 2819 806 2875 alveo

78 2898 227 2973 ingentem
241 2899 371 2956 Aenean.
413 2899 523 2974 gemuit
539 2898 592 2956 sub
605 2898 732 2973 pondere
748 2899 851 2955 cumba

78 2979 180 3048 sutilis,
198 2996 227 3036 et
241 2981 364 3036 multam
380 2980 492 3056 accepit
507 2980 609 3036 rimosa
624 2980 766 3054 paludem.

80 3060 197 3117 tandem
213 3075 288 3117 trans
304 3058 424 3117 fluvium
439 3061 599 3118 incolumes
615 3076 764 3136 vatemque
779 3060 930 3135 virumque

78 3140 196 3197 informi
212 3141 282 3198 limo
297 3140 458 3217 glaucaque
472 3141 590 3216 exponit
605 3141 635 3197 in
652 3141 726 3198 ulva.

428 3235 472 3295 383
492 3243 558 3282 terra.
