2002 3614
83 175 127 218 126
349 172 373 218 Ρ.
392 170 533 220 VERGILI
552 171 707 219 MARONIS

121 320 173 358 nec
189 300 290 357 vidisse
305 301 392 358 semel
407 299 471 357 satis
487 316 528 358 est
542 325 550 370 ;
571 299 648 358 iuvat
663 321 752 378 usque
768 302 871 359 morari

119 397 147 438 et
162 383 290 445 conferre
305 381 423 454 gradum
438 397 466 438 et
480 381 614 438 veniendi
630 380 739 439 discere
754 402 862 441 causas.

118 479 145 519 at
160 462 294 518 Danaum
309 481 437 538 proceres
452 462 752 539 Agamemnoniaeque
767 464 925 540 phalanges

118 559 150 600 ut
164 542 259 599 videre
275 542 368 600 virum
383 543 578 620 fulgentiaque
593 563 669 600 arma
683 563 732 619 per
747 544 871 615 umbras,
947 576 984 614 490

116 623 225 698 ingenti
241 623 379 700 trepidare
394 639 494 693 metu;
515 644 576 700 pars
590 640 697 681 vertere
714 639 799 699 terga,

116 725 169 762 ceu
185 704 328 781 quondam
343 704 450 780 petiere
467 721 538 761 rates
547 727 556 770 ;
577 725 638 781 pars
654 704 752 762 tollere
768 725 870 763 vocem

116 785 265 860 exiguam:
287 785 419 861 inceptus
434 786 542 842 clamor
557 785 705 843 frustratur
719 786 841 844 hiantes.

156 882 240 943 atque
255 866 301 922 hic
319 866 481 923 Priamiden
499 865 635 923 laniatum
651 886 767 942 corpore
784 882 844 924 toto

115 946 300 1022 Deiphobum
316 947 397 1016 vidit,
412 947 540 1004 lacerum
556 946 708 1004 crudeliter
722 968 778 1016 ora,

115 1048 162 1083 ora
176 1047 332 1104 manusque
348 1028 453 1096 ambas,
471 1027 662 1104 populataque
678 1043 804 1102 tempora
820 1029 910 1105 raptis

115 1107 236 1176 auribus,
253 1124 282 1165 et
297 1124 411 1165 truncas
427 1108 580 1165 inhonesto
595 1109 713 1165 vulnere
729 1128 819 1165 nares.

115 1188 161 1244 vix
177 1188 246 1245 adeo
261 1187 393 1280 adgnovit
409 1188 586 1265 pavitantem
601 1204 630 1245 et
645 1187 704 1244 dira
720 1204 865 1263 tegentem

114 1268 263 1345 supplicia,
278 1283 305 1325 et
320 1268 392 1325 notis
410 1269 564 1345 compellat
578 1268 695 1327 vocibus
710 1269 805 1326 ultro:

94 1349 265 1426 ‘Deiphobe
291 1349 471 1424 armipotens,
499 1368 600 1431 genus
611 1349 669 1406 alto
696 1369 711 1404 a
736 1349 874 1424 sanguine
902 1353 982 1410 Teu-

196 1430 246 1499 cri,
946 1462 983 1499 500

114 1511 176 1588 quis
191 1527 248 1568 tam
263 1510 391 1567 crudeles
406 1509 513 1587 optavit
529 1530 640 1568 sumere
654 1515 780 1586 poenas?

114 1591 160 1649 cui
177 1608 289 1649 tanturn
304 1590 339 1648 de
354 1607 382 1648 te
399 1590 503 1648 licuit?
526 1591 596 1648 mihi
613 1592 686 1648 fama
701 1611 831 1666 suprema

115 1687 198 1729 nocte
214 1672 280 1729 tulit
294 1671 399 1728 fessum
416 1687 491 1728 vasta
507 1687 536 1728 te
552 1672 636 1728 caede
653 1671 802 1746 Pelasgum

114 1752 294 1830 procubuisse
309 1771 392 1828 super
407 1753 540 1809 confusae
557 1752 810 1826 stragisacervum.

114 1849 182 1890 tunc
199 1849 311 1907 egomet
326 1832 471 1889 tumulum
488 1833 618 1890 Rhoeteo
633 1832 716 1890 litore
731 1833 849 1891 inanem

114 1913 259 1982 constitui,
274 1929 302 1970 et
317 1933 417 1988 magna
435 1913 540 1970 Manes
556 1929 598 1970 ter
613 1932 684 1970 voce
698 1914 806 1971 vocavi.

115 2015 219 2052 nomen
236 2010 263 2051 et
278 2015 355 2051 arma
371 1994 467 2051 locum
484 2010 616 2063 servant,
638 2009 676 2063 te,
691 1993 792 2064 amice,
807 1996 926 2072 nequivi

114 2075 277 2151 conspicere
292 2090 320 2131 et
333 2074 423 2151 patria
439 2074 579 2131 decedens
593 2095 700 2151 ponere
716 2073 807 2132 terra.'

115 2158 235 2233 adquae
251 2155 423 2213 Priamides:
447 2155 537 2211 ‘nihil
554 2176 580 2225 0,
596 2155 656 2225 tibi,
673 2155 773 2223 amice,
789 2156 946 2226 relictum;

114 2237 209 2293 omnia
223 2236 376 2313 Deiphobo
390 2235 495 2292 solvisti
513 2251 541 2293 et
557 2235 664 2292 funeris
680 2235 795 2295 umbris.
942 2268 979 2304 510

114 2317 163 2374 sed
177 2338 222 2374 me
238 2318 293 2374 fata
308 2337 370 2374 mea
384 2332 412 2374 et
427 2318 518 2374 scelus
536 2316 649 2374 exitiale
665 2317 811 2374 Lacaenae

114 2399 156 2454 his
172 2419 293 2454 mersere
308 2397 405 2455 malis:
427 2397 476 2454 illa
491 2398 559 2454 haec
578 2397 755 2454 monimenta
767 2399 897 2475 reliquit.

115 2499 238 2555 namque
253 2495 284 2535 ut
299 2499 462 2570 supremam
478 2476 570 2534 falsa
562 2493 638 2534 rnter
652 2477 752 2569 gaudia
767 2495 883 2537 noctem

115 2560 263 2632 egerimus,
278 2559 369 2625 nosti3
391 2575 419 2616 et
434 2558 556 2615 nimium
573 2558 736 2616 meminisse
751 2580 866 2618 necesse
882 2578 932 2619 est.

114 2660 180 2696 cum
197 2640 287 2696 fatalis
304 2661 392 2716 equus
407 2641 479 2696 saltu
496 2660 579 2716 super
595 2639 681 2696 ardua
697 2640 776 2698 venit

115 2721 259 2795 Pergama,
274 2737 302 2776 et
317 2737 455 2777 armatum
473 2720 598 2797 peditem
613 2721 703 2795 gravis
717 2721 813 2778 attulit
829 2723 912 2780 alvo:

113 2801 172 2870 illa,
187 2803 305 2857 chorum
321 2802 466 2871 simulans,
486 2818 601 2859 euantes
617 2802 692 2876 orgia
708 2803 817 2859 circum

112 2881 236 2939 ducebat
252 2883 402 2957 Phrygias;
425 2882 569 2939 flammam
585 2883 677 2939 media
692 2883 750 2959 ipsa
766 2883 882 2941 tenebat

113 2963 270 3037 ingentem,
284 2980 312 3019 et
327 2984 436 3021 summa
452 2963 566 3021 Danaos
582 2984 616 3020 ex
632 2983 696 3020 arce
711 2963 841 3022 vocabat.

113 3061 174 3100 tum
190 3064 235 3100 me
250 3045 415 3102 confectum
432 3044 506 3102 curis
520 3064 678 3121 somnoque
693 3061 839 3118 gravatum
938 3074 975 3110 φο

113 3124 215 3181 infelix
231 3125 329 3181 habuit
346 3127 495 3194 thalamus,
511 3125 669 3201 pressitque
684 3125 825 3181 iacentem

249 3231 295 3278 495
315 3219 416 3265 videtet.
452 3230 496 3280 505
515 3218 539 3264 in
552 3219 625 3266 litore.
661 3218 705 3277 516
723 3220 795 3264 alveo.
