2002 3614
85 173 114 218 80

354 175 379 220 P.
398 173 538 220 VERGILI
557 173 716 221 MARONIS

124 301 191 357 hinc
209 300 335 357 exaudiri
351 320 433 358 voces
450 315 479 358 et
492 301 577 358 verba
593 301 721 358 vocantis
937 299 993 359 4⁶

124 381 181 437 visa
197 380 259 449 viri,
274 400 332 436 nox
347 401 412 438 cum
429 396 515 438 terras
530 381 648 438 obscura
664 397 777 439 teneret
792 405 799 439 :

124 463 240 538 solaque
256 461 431 519 culminibus
446 461 528 518 ferali
543 461 671 519 carmine
686 462 765 520 bubo

124 563 208 617 saepe
223 541 312 619 queri,
330 541 360 598 ei
373 542 492 616 longas
486 563 515 599 rn
531 541 632 600 fletum
648 542 754 600 ducere
769 564 863 601 voces.

125 623 273 699 multaque
287 637 376 714 praet
371 643 434 678 erea
449 638 547 680 vatum
561 623 751 699 praedicta
723 643 837 700 prorum

124 703 245 760 terribili
260 697 564 782 monitiihorrificant.
606 703 663 777 agit
678 703 739 780 ipse
754 704 900 761 furentem

125 783 155 839 in
171 783 276 840 somnis
292 783 367 840 ferus
382 784 513 853 Aeneas3
535 803 703 861 semperque
719 784 843 861 relinqui

125 865 183 920 sola
199 864 261 934 sibi,
277 884 389 940 semper
404 829 541 938 longani
534 864 702 921 incomitata
717 864 831 922 videtur

125 944 165 1000 ire
180 944 264 1014 viam,
281 961 309 1001 et
325 944 429 1020 Tyrios
444 945 554 1001 descrta
570 965 706 1021 quaerere
722 960 805 1003 terra.

125 1024 321 1082 Eumenidum
329 1025 426 1097 incl-uti
443 1025 561 1082 demens
576 1025 657 1082 videt
671 1026 784 1100 agmina
802 1027 953 1095 Pentheus,

126 1121 154 1162 et
169 1106 258 1162 solem
273 1105 430 1180 geminum,
448 1121 475 1162 ct
490 1105 620 1181 duplices
636 1127 665 1162 se
680 1106 833 1164 ostendere
849 1108 962 1165 Thebas
989 1144 993 1165 ;

125 1201 174 1243 aut
188 1186 433 1260 Agamemnonius
448 1185 556 1242 scaenis
571 1185 690 1260 agitatus
707 1188 824 1244 Orestes
946 1216 968 1253 47
981 1208 993 1232 a

126 1282 262 1323 armatam
278 1267 388 1324 facibus
403 1284 524 1323 matrem
540 1282 568 1323 et
584 1267 763 1343 serpentibus
777 1267 844 1324 atris

125 1367 192 1404 curn
207 1347 289 1421 fugit,
306 1347 478 1423 ultricesque
494 1347 595 1404 sedent
610 1347 640 1403 in
656 1347 757 1404 limine
772 1348 872 1405 Dirae.

166 1449 232 1502 ergo
247 1428 294 1486 ubi
311 1427 445 1503 concepit
461 1427 546 1484 furias
562 1427 654 1485 evicta
669 1428 768 1485 dolore

125 1508 311 1586 decrevitque
326 1508 407 1578 mori,
423 1522 536 1584 tempus
551 1529 648 1566 secum
665 1509 724 1585 ipsa
739 1509 919 1588 modumque

127 1590 223 1664 exigit,
240 1605 269 1646 et
283 1604 420 1646 maestam
435 1588 518 1646 dictis
533 1589 659 1663 adgressa
675 1609 800 1646 sororem

126 1670 278 1727 consilium
293 1670 375 1727 vultu
392 1669 462 1743 tegit
477 1690 509 1727 ac
525 1690 604 1746 spem
620 1670 715 1727 fronte
730 1685 866 1728 serenat:

106 1750 232 1821 ‘inveni
248 1770 391 1825 germana,
407 1750 633 1824 viam-gratare
649 1750 775 1807 sorori-

126 1852 198 1908 quac
213 1796 284 1888 ririhi
300 1832 400 1888 reddat
417 1851 492 1900 eum,
509 1831 555 1887 vel
572 1852 605 1888 eo
621 1852 667 1888 me
683 1832 773 1888 solvat
789 1812 945 1890 amantem.

126 1911 237 1968 Oceani
254 1911 365 1968 finem
358 1927 436 1968 iuxta
452 1876 599 1988 solemque
615 1912 768 1969 cadentem
950 1929 993 1977 48:

126 1993 243 2049 ultimus
257 1991 434 2067 Aethiopum
451 1992 529 2048 locus
546 2009 595 2061 est,
612 1991 660 2049 ubi
676 1992 816 2049 maximus
829 1993 913 2050 Atlas

126 2095 208 2130 axem
225 2092 323 2130 umero
339 2087 453 2148 torquet
469 2072 558 2128 stellis
573 2072 736 2129 ardentibus
752 2089 875 2149 aptum:

125 2154 193 2210 hinc
211 2154 280 2210 mihi
297 2154 439 2228 Massylae
454 2153 548 2226 gentis
563 2168 717 2210 monstrata
733 2155 872 2226 sacerdos,

127 2234 320 2309 Hesperidum
338 2232 439 2308 templi
456 2249 558 2303 custos,
576 2234 731 2324 epulasque
746 2233 866 2321 draconi

126 2336 198 2390 quac
214 2315 308 2384 dabat,
326 2330 354 2370 et
369 2334 459 2370 sacros
475 2313 627 2370 servabat
620 2335 649 2369 rn
666 2314 765 2370 arbore
780 2336 898 2386 ramos„

126 2416 256 2470 spargens
272 2395 369 2450 umida
386 2394 472 2450 mella
488 2369 928 2530 soporiferqrr—rcprepffifflriiss

126 2477 196 2531 haec
213 2497 240 2531 sc
256 2475 430 2531 carminibus
445 2475 634 2550 promittitso
648 2496 712 2531 vere
729 2492 851 2547 mentes,
874 2486 944 2549 taff„-

126 2551 195 2631 quas
208 2555 289 2625 velit,
306 2571 346 2611 ast
362 2555 422 2611 aliis
439 2556 521 2611 duras
538 2555 685 2612 inmittere
700 2576 799 2625 curas3
877 2565 956 2586 Α*

127 2637 223 2692 sistere
239 2656 341 2712 aquarn
357 2634 458 2705 fluviis,
476 2653 504 2692 et
519 2653 630 2692 vertere
647 2636 736 2692 sidera
751 2652 828 2693 retro
836 2648 847 2707 ‘;

127 2733 340 2792 nocturnosque
356 2716 413 2772 ciet
431 2716 535 2772 Manes
545 2742 553 2785 ;
575 2716 684 2790 mugire
699 2716 809 2773 videbis
951 2746 993 2784 49⁰

127 2797 177 2853 sub
193 2796 313 2872 pedibus
329 2812 440 2866 terram,
458 2813 486 2853 et
502 2797 676 2853 descendere
692 2797 839 2854 montibus
855 2819 947 2855 ornos.

127 2892 223 2947 testor,
239 2897 311 2947 cara,
328 2878 405 2948 deos,
423 2893 504 2947 erte,
520 2897 665 2951 germana,
682 2893 821 2954 tuumque

127 2957 212 3013 dulce
228 2974 322 3034 caput,
339 2958 460 3032 magicas
475 2957 597 3013 invitam
614 2957 755 3031 accingier
770 2975 854 3015 artes.

128 3053 158 3094 tu
175 3054 281 3094 secreta
297 3058 396 3114 pyram
413 3053 490 3094 tecto
506 3037 641 3094 interiore
658 3039 709 3094 sub
724 3059 803 3094 auras

129 3119 212 3192 erige,
230 3134 257 3173 et
274 3139 349 3174 arma
365 3118 426 3188 viri,
444 3117 571 3174 thalamo
587 3139 659 3194 quae
675 3118 729 3173 fixa
745 3118 863 3195 reliquit

272 3211 320 3270 464
337 3211 445 3272 priorum.
480 3223 526 3270 473
547 3210 617 3256 divae.
651 3225 699 3271 490
717 3220 803 3261 movet.
