2002 3614
350 192 514 239 AENEIDOS
532 192 594 238 LIB.
611 193 622 238 1

78 323 206 399 experti:
229 338 363 381 revocate
379 322 496 391 animos,
512 339 707 400 maestumque
723 323 853 379 timorem

78 404 181 462 mittite
195 429 204 473 ;
227 405 323 461 forsan
339 419 367 460 et
382 404 449 460 haec
466 403 535 460 olim
550 403 711 460 meminisse
726 403 843 459 iuvabit.

78 484 233 562 ζεῖ-ΒΨ,
248 505 339 555 casus,
353 505 404 560 per
418 499 460 541 tot
474 484 638 540 discrimina
651 504 745 540 rerum

80 565 222 622 tendimus
238 565 269 622 in
286 564 412 635 Latium,
427 565 503 622 sedes
520 565 568 621 ubi
585 565 639 622 fata
654 564 762 640 quietas

80 645 234 703 ostendunt
247 669 256 713 ;
278 645 339 702 illic
355 646 395 702 fas
409 665 494 719 regna
509 665 650 719 resurgere
666 645 780 702 Troiae.

81 726 186 796 durate,
203 742 233 783 et
248 742 358 783 vosmet
373 727 455 783 rebus
470 742 577 783 servate
593 724 741 782 secundis.'

121 807 186 864 talia
201 827 274 864 voce
290 807 387 876 refert,
402 807 531 884 curisque
547 807 708 881 ingentibus
724 827 804 880 aeger

83 908 159 963 spem
173 888 258 945 vultu
274 887 396 955 simulat,
412 888 516 963 premit
531 888 620 944 altum
636 887 720 943 corde
735 887 873 944 dolorem.

82 968 124 1024 illi
139 989 167 1026 se
181 967 302 1045 praedae
318 967 473 1042 accingunt
488 968 662 1045 dapibusque
677 968 778 1024 futuris
793 991 799 1026 :
909 998 945 1023 210

83 1065 189 1122 tergora
202 1042 344 1125 diripiunt
359 1048 441 1105 costis
458 1065 485 1105 et
500 1069 615 1127 Q
620 1048 740 1118 nudant,

103 1151 143 1186 ars
156 1129 186 1186 in
203 1130 292 1186 frusta
306 1145 402 1186 secant
417 1129 585 1205 veribusque
601 1130 752 1186 trementia
766 1129 865 1203 figunt,

82 1151 165 1267 litore
180 1201 428 1291 Ql
438 1209 620 1287 flammasque
636 1210 807 1267 ministrant.

83 1306 144 1348 tum
159 1291 239 1348 victu
254 1307 388 1348 revocant
403 1291 486 1360 vires,
502 1291 612 1368 fusique
628 1312 677 1366 per
692 1292 807 1348 herbam

83 1371 348 1448 iri-pl-ent-ur—veteris
364 1371 470 1428 Bacchi
488 1372 653 1449 pinguisque
669 1372 784 1429 ferinae.

82 1465 381 1532 Qexempta
395 1453 483 1509 fames
499 1452 589 1528 epulis
604 1441 921 1543 mfflre-Qo

83 1533 195 1590 amissos
211 1533 297 1606 longo
312 1532 399 1590 socios
414 1552 542 1589 sermone
557 1548 705 1609 Q
757 1528 762 1533 ’

84 1634 219 1692 spemque
234 1629 401 1690 metumque
416 1613 491 1670 inter
505 1613 593 1681 dubii,
610 1633 766 1687 Q
782 1614 897 1670 credant

84 1695 141 1752 sive
157 1710 284 1751 extrema
298 1694 356 1770 pati
372 1714 425 1752 nec
441 1694 497 1751 iam
513 1694 645 1750 exaudire
660 1710 781 1751 vocatos.

83 1775 235 1852 praecipue
250 1774 314 1851 pius
328 1775 438 1832 Aeneas
454 1795 531 1851 riu—nc
547 1775 616 1831 acris
632 1775 748 1843 Oronti,
912 1805 948 1829 220

81 1876 165 1935 Q
178 1855 284 1931 Amyci
300 1875 396 1912 casum
410 1856 498 1930 gemit
513 1871 540 1913 et
555 1856 681 1912 crudelia
696 1876 792 1912 secum

85 1935 141 1993 fata
155 1936 228 2012 Lyci
244 1936 404 2012 Qe
420 1937 506 2012 Gyan
521 1937 680 2013 fo-rtc—mque
696 1936 899 1992 Cloanthum>

125 2032 154 2074 et
167 2017 224 2075 iarn
239 2016 303 2073 finis
319 2032 385 2084 erat,
402 2037 468 2073 cum
484 2016 612 2092 Iuppiter
627 2017 739 2072 aethere
755 2009 866 2073 summo
886 2006 924 2027 ν

84 2096 242 2174 despiciens
257 2117 334 2153 mare
349 2097 505 2154 velivolum
520 2113 660 2173 terrasque
675 2096 798 2186 iacerytes

85 2176 222 2256 litoraque
237 2178 492 2254 etlamspopulos
509 2177 551 2256 sic
563 2177 668 2234 vertice
683 2177 754 2234 caeli

85 2258 213 2316 constitit
227 2274 258 2316 et
272 2257 379 2331 Libyae
392 2257 494 2314 'defixit
508 2257 748 2336 Qfflffii

85 2356 167 2416 atque
183 2339 268 2397 illum
284 2339 352 2396 tales
368 2339 520 2396 iactantem
535 2353 650 2415 pectore
665 2358 744 2395 curas

85 2420 190 2477 tristior
204 2435 233 2477 et
248 2418 371 2476 lacrimis
386 2419 483 2476 oculos
498 2420 600 2487 suffusa
616 2418 738 2475 nitentes

85 2500 247 2578 adloquitur
262 2500 383 2557 Venus:
406 2499 503 2576 ‘oqui
518 2520 560 2556 res
574 2498 781 2575 hominumque
797 2499 940 2573 deumque

85 2581 204 2638 aeternis
218 2580 291 2654 regis
306 2579 430 2657 imperiis
445 2597 472 2637 et
488 2580 581 2653 fulm'·
713 2625 721 2649 ,
759 2635 763 2643 ,
912 2607 949 2642 230

85 2661 152 2738 quid
161 2683 253 2737 Q
263 2661 374 2717 Aeneas
389 2661 419 2717 in
435 2661 656 2717 te·committere
672 2676 792 2729 tantum,

86 2730 160 2819 quid
168 2743 263 2800 Troes
276 2756 404 2818 potuere,
421 2741 522 2819 quibus
538 2757 578 2797 tot
593 2741 692 2797 funcra
707 2741 790 2816 passis

86 2839 204 2880 cunctus
219 2823 258 2879 ob
273 2821 386 2879 Italiam
402 2837 538 2879 terrarum
554 2821 694 2878 clauditur
709 2820 804 2877 orbis?

86 2920 159 2960 certe
173 2904 244 2961 hinc
262 2903 405 2980 Romanos
420 2903 488 2977 olim
505 2902 684 2958 volventibus
700 2902 790 2970 annis,

86 2983 150 3041 hinc
165 2969 248 3041 lor-<3⁴
242 2983 385 3053 ductores,
399 2984 529 3039 revocato
544 3004 559 3039 a
574 2981 709 3055 sanguine
726 2981 843 3049 Teucri,

86 3064 131 3140 qui
146 3085 235 3134 mare,
249 3062 303 3157 qui
317 3078 401 3119 terras
416 3083 514 3118 ornnes
530 3063 641 3119 dicione
658 3077 796 3130 tenerent,

88 3145 229 3229 pollicitus
246 3167 253 3202 :
277 3164 348 3219 quae
364 3158 402 3212 tc,
417 3143 536 3216 genitor,
552 3131 791 3199 sentcrrtia'v'e'rtil
800 3146 811 3197 ἓ

108 3235 136 3256 ’“
207 3227 242 3241 '³
424 3255 438 3285 2
441 3242 473 3300 56
491 3243 564 3291 omni.
