2002 3614
354 188 519 237 AENEIDOS
537 188 600 236 LIB.
617 188 670 236 VI.
912 201 956 246 119

96 317 212 374 tendere
227 316 282 374 iter
294 316 409 393 pinnis:
432 317 494 374 talis
510 337 567 374 sese
582 317 687 375 halitus
701 317 767 376 atris
921 345 959 382 ψ

95 397 226 455 faucibus
240 397 390 455 effundens
405 419 506 473 supera
521 398 556 454 ad
571 419 698 455 convexa
713 400 837 455 ferebat:

94 478 185 554 [unde
201 479 299 536 locum
315 478 385 536 Grai
401 478 537 536 dixerunt
551 479 667 536 nomine
682 479 826 554 Amnon]

93 574 229 635 quattuor
243 559 291 616 hic
307 559 432 635 primum
447 559 591 634 nigrantes
607 575 682 633 terga
697 560 832 617 iuvencos

94 639 254 710 constituit,
270 640 415 718 frontique
430 640 552 714 invergit
569 640 637 697 vina
652 640 797 709 sacerdos;

94 736 123 776 et
137 740 262 777 summas
277 740 394 796 carpens
409 721 502 777 media
517 720 591 777 inter
606 741 713 778 cornua
727 737 812 778 saetas

94 800 208 873 ignibus
223 801 339 876 inponit
354 801 446 872 sacris,
462 801 599 858 libamina
616 801 716 877 prima,

93 901 164 938 voce
179 901 286 938 vocans
301 881 442 951 Hecaten,
459 882 596 958 caeloque
612 883 763 958 Ereboque
779 897 936 957 potentem.

94 978 263 1038 supponunt
278 962 325 1019 alii
340 963 456 1032 cultros,
473 962 660 1039 tepidumque
675 983 804 1019 cruorem

94 1042 260 1118 succipiunt
274 1042 388 1118 pateris.
430 1043 488 1118 ipse
505 1043 555 1100 atri
571 1043 684 1100 velleris
699 1062 798 1117 agnam

94 1122 206 1179 Aeneas
222 1123 304 1179 matri
321 1123 518 1180 Eumenidum
534 1143 711 1199 magnaeque
726 1123 811 1180 sorori
923 1151 961 1188 ρῳ

95 1223 163 1260 ense
178 1203 257 1272 ferit,
272 1203 454 1279 sterilemque
471 1203 531 1274 tibi,
549 1204 726 1279 Proserpina,
742 1224 867 1261 vaccam.

94 1300 157 1341 tum
173 1282 271 1359 Stygio
286 1284 344 1358 regi
361 1299 515 1341 nocturnas
531 1284 648 1341 incohat
663 1305 731 1354 aras,

94 1380 124 1422 et
138 1364 228 1422 solida
242 1363 357 1440 inponit
373 1380 517 1422 taurorum
532 1365 639 1422 viscera
653 1364 784 1433 flammis,

93 1444 204 1521 pingue
219 1465 303 1520 super
317 1446 414 1502 oleum
431 1445 554 1503 fundens
570 1445 734 1503 ardentibus
750 1444 830 1503 extis.

94 1545 163 1582 ecce
178 1542 285 1599 autem,
301 1525 384 1601 primi
401 1526 453 1582 sub
470 1526 580 1583 lumina
596 1526 661 1583 solis
676 1541 704 1582 et
719 1542 806 1594 ortus,

94 1606 148 1662 sub
161 1605 283 1682 pedibus
298 1606 407 1680 mugire
424 1608 527 1676 solum,
543 1623 571 1663 et
585 1606 650 1681 iuga
665 1622 767 1683 coepta
781 1605 889 1663 moveri

95 1686 240 1755 silvarum,
255 1686 386 1764 visaeque
403 1707 488 1744 canes
505 1688 613 1744 ululare
628 1708 678 1763 per
694 1688 834 1756 umbram,

96 1767 270 1824 adventante
285 1768 347 1825 dea.
390 1768 505 1844 ‘procul
521 1790 548 1837 o,
563 1769 661 1843 procul
676 1766 745 1837 este,
761 1765 890 1843 profani,'

97 1848 259 1905 conclamat
274 1863 359 1918 vates,
376 1852 509 1925 ‘totoque
525 1848 649 1905 absistite
665 1849 748 1905 luco:

97 1945 187 2006 tuque
203 1927 305 1985 invade
320 1928 405 1997 viam,
422 1929 580 2006 vaginaque
596 1928 673 2004 eripe
688 1929 815 1998 ferrum3
925 1945 962 1984 260

97 2029 176 2066 nunc
192 2008 295 2065 animis
309 2021 388 2085 opu's,
404 2010 512 2079 Aenea,
529 2029 608 2067 nunc
624 2026 739 2085 pectore
755 2008 855 2067 firmo.’

97 2105 210 2147 tantum
226 2089 319 2158 effata,
334 2090 429 2146 furens
445 2106 527 2147 antro
542 2111 569 2147 se
584 2089 694 2148 inmisit
709 2105 823 2167 aperto:

98 2169 147 2226 ille
161 2170 266 2227 ducem
282 2170 357 2227 haud
371 2169 477 2227 timidis
494 2170 646 2228 vadentem
661 2171 784 2247 passibus
800 2185 910 2246 aequat.

137 2250 177 2322 di,
206 2249 309 2328 quibus
338 2251 491 2328 imperium
522 2267 563 2308 est
591 2251 759 2322 animarum,
786 2252 960 2327 umbraeque

178 2331 304 2401 silentes,

99 2428 127 2469 et
142 2412 246 2481 Chaos,
263 2429 291 2469 et
307 2413 495 2486 Phlegethon,
513 2413 575 2470 loca
590 2429 674 2470 nocte
690 2412 814 2469 tacentia
828 2413 893 2480 late,

99 2493 135 2553 sit
149 2492 220 2550 mihi
236 2492 277 2550 fas
290 2493 387 2550 audita
401 2493 499 2570 loqui3
521 2493 555 2550 sit
571 2493 691 2551 numine
706 2510 798 2550 vestro

98 2573 223 2650 pandere
238 2594 281 2630 res
295 2575 351 2630 alta
366 2589 437 2631 terra
454 2591 482 2632 et
497 2574 618 2649 caligine
634 2595 745 2631 mersas.

139 2654 219 2712 ibant
234 2654 345 2711 obscuri
361 2655 419 2711 sola
433 2655 485 2711 sub
500 2671 585 2712 nocte
601 2676 650 2730 per
666 2655 803 2724 umbram,

98 2756 205 2811 perque
221 2735 318 2792 domos
333 2734 409 2792 Ditis
424 2756 526 2792 vacuas
542 2752 570 2792 et
585 2735 681 2793 inania
696 2755 797 2808 regna:

98 2817 183 2893 quale
198 2836 248 2891 per
263 2815 402 2872 incertam
418 2817 516 2873 lunam
532 2817 583 2872 sub
600 2817 663 2873 luce
679 2816 802 2889 maligna
926 2843 963 2881 270

98 2913 138 2953 est
153 2897 207 2953 iter
222 2896 252 2953 in
267 2895 354 2967 silvis,
370 2897 419 2953 ubi
435 2899 547 2954 caelum
564 2897 693 2953 condidit
708 2897 808 2953 umbra

98 2977 237 3053 Iuppiter,
255 2995 282 3034 et
298 2978 380 3034 rebus
396 2998 452 3034 nox
468 2978 584 3035 abstulit
599 2994 656 3034 atra
672 2978 806 3034 colorem.

98 3058 274 3115 vestibulum
290 3073 356 3115 ante
372 3057 464 3134 ipsum
479 3058 635 3134 primisque
651 3060 680 3114 in
697 3058 826 3114 faucibus
842 3055 911 3112 Orci

98 3140 208 3197 Luctus
224 3155 252 3196 et
268 3138 384 3196 ultrices
399 3160 516 3216 posuere
531 3139 637 3195 cubilia
653 3139 754 3206 Curae,

241 3247 285 3291 241
306 3247 380 3291 super.
414 3245 461 3293 254
478 3249 594 3293 superque.
630 3246 675 3291 273
696 3231 781 3292 primis.
