2002 3614
281 190 445 238 nnuarnos
463 191 525 237 tm.
544 192 581 237 tv
855 191 885 252 83

63 316 76 372 si
88 333 107 376 te
117 321 153 377 his
166 321 290 396 attigerit
305 321 386 379 terris
399 322 509 378 Aurora
525 337 695 380 morantem.

62 397 105 456 leia
115 422 165 476 age,
180 423 280 479 rumpe
295 422 395 460 moras.
437 402 547 459 varium
563 417 591 458 et
606 402 746 460 mutabile
761 423 873 479 semper

61 477 155 541 femina!
195 483 233 540 sic
250 483 325 540 fatus
339 483 417 540 nocti
433 503 461 539 se
477 482 623 539 inmiscuit
638 499 724 540 atrae.
851 512 907 551 57⁰.

87 576 131 619 tum
145 585 209 621 vero
222 565 336 621 Aeneas
351 563 451 620 subitis
467 563 618 621 exterritus
634 564 739 620 umbris

59 642 173 719 corripite
189 665 289 702 somno
304 665 414 719 corpus,
431 644 578 721 sociosque
593 644 708 718 fatigat:

47 722 194 801 ‘praecipites
209 725 335 800 vigilate,
351 725 414 795 viri,
431 740 459 781 et
477 725 618 782 considite
635 725 779 794 transtris;

58 803 131 862 solvite
143 807 204 863 vela
219 805 279 863 citi.
323 805 391 862 deus
406 807 521 862 aethere
537 805 635 862 missus
650 807 684 862 ab
699 807 757 862 alto

58 880 162 943 festinare
178 887 274 961 fugam
291 901 435 962 tortosque
451 886 579 943 incidere
595 886 679 942 funes

58 980 104 1055 ecce
116 967 213 1024 iterum
229 967 398 1024 instimulat.
441 967 586 1044 sequimur
599 983 636 1036 te,
649 982 746 1024 sancte
758 967 886 1038 deorum,
916 989 931 1100 q

58 1047 152 1123 qusquis
167 1069 204 1114 es,
220 1047 400 1124 imperioque
416 1047 519 1104 iterum
535 1068 665 1123 paremus
679 1063 806 1104 ovantes.

58 1124 107 1182 adsis
118 1149 133 1184 o
146 1128 332 1204 placidusque
348 1127 436 1195 iuves,
453 1143 481 1184 et
497 1128 587 1185 sidera
601 1128 682 1185 caelo

58 1202 129 1264 dextra
142 1208 231 1266 feras!
274 1209 357 1278 dixit,
373 1209 532 1285 vaginaque
548 1208 632 1284 eripit
648 1229 745 1265 ensem

59 1282 209 1360 fulmineum,
225 1289 382 1364 strictoque
399 1289 465 1345 ferit
481 1289 638 1363 retinacula
653 1289 738 1346 ferro.
851 1307 888 1354 580

58 1361 211 1427 idemomnes
223 1369 308 1426 simul
321 1370 402 1426 ardor
414 1370 500 1426 habet
511 1395 519 1438 ;
541 1370 712 1457 rapiuntqtqe
725 1384 886 1446 ruuntque:

59 1442 115 1504 litora
128 1450 293 1518 deseruere;
315 1450 384 1506 latet
400 1450 451 1506 sub
467 1450 602 1507 classibus
616 1468 739 1527 aequor3

58 1524 126 1585 adnixi
141 1546 275 1607 torquent
290 1550 402 1606 spumas
417 1545 446 1587 et
461 1532 573 1588 caerula
588 1546 715 1588 verrunt.

85 1624 105 1664 et
116 1609 165 1667 iarn
180 1611 271 1687 prima
289 1631 363 1667 novo
379 1611 525 1687 spargebat
541 1611 651 1668 lumine
667 1626 752 1668 terras

59 1681 150 1748 Tithoni
166 1711 301 1749 croceum
317 1691 452 1767 linquens
466 1692 575 1748 Aurora
589 1691 695 1749 cubile.

58 1767 126 1839 regina
138 1792 152 1829 e
166 1772 289 1849 speculis
305 1788 337 1829 ut
351 1772 475 1848 primum
491 1773 634 1829 albescere
650 1772 745 1829 lucem

58 1843 114 1932 cidit,
124 1868 152 1909 et
165 1853 292 1929 aequatis
308 1853 425 1909 classem
440 1853 597 1929 procedere
612 1852 692 1923 velis,

58 1922 165 2009 litoraque
181 1949 209 1990 et
224 1954 327 1991 vacuos
345 1933 432 1990 sensit
446 1933 508 1990 sine
523 1933 628 2007 remige
643 1949 749 2010 portus,

58 2018 128 2085 terque
140 2030 297 2092 quaterque
314 2035 400 2072 manu
416 2030 517 2090 pectus
531 2035 660 2090 percussa
675 2015 812 2071 decorum

58 2081 218 2172 flaventesque
234 2097 353 2152 abscissa
371 2115 475 2165 eomas,
493 2101 501 2125 ‘
510 2116 562 2171 pro
577 2094 724 2171 Iuppiter!
749 2094 801 2150 ibit
851 2122 889 2162 590

57 2164 102 2240 hic:
113 2175 154 2245 ait,
171 2182 217 2233 ‘et
233 2176 335 2233 nostris
352 2176 482 2233 inluserit
498 2176 607 2233 advena
622 2175 715 2249 regnis
723 2171 754 2259 ἓ]

56 2264 96 2308 non
108 2276 176 2314 arma
192 2257 363 2333 expedient,
376 2272 492 2333 totaque
509 2277 543 2313 ex
559 2256 629 2313 urbe
645 2271 808 2332 sequentur,

55 2326 227 2415 deripientque
243 2352 316 2394 rates
332 2337 378 2393 alii
397 2337 563 2393 navalibus?
585 2336 633 2405 ite,

54 2407 105 2472 lette
117 2418 163 2474 citi
178 2418 314 2486 flammas,
331 2417 398 2474 date
413 2417 486 2487 vela,
503 2416 638 2493 inpellite
654 2437 754 2475 remos.

52 2493 102 2567 quid
126 2499 245 2576 loquor?
266 2514 314 2554 aut
344 2497 392 2555 ubi
419 2502 500 2554 sum?
522 2519 595 2573 quae
621 2513 750 2554 mentem
776 2498 886 2554 insania

109 2585 215 2637 mutat?

46 2652 129 2716 infelix
143 2660 237 2718 Dido!
261 2679 340 2716 nunc
357 2675 385 2716 te
400 2660 475 2716 facta
490 2659 568 2734 inpia
585 2663 723 2732 tangunt?

45 2750 91 2794 tum
104 2740 206 2809 decuit,
223 2761 289 2798 cum
305 2755 414 2816 sceptra
430 2740 524 2796 dabas.
569 2760 604 2795 en
620 2741 719 2796 dextra
737 2739 872 2815 fidesque,

40 2837 112 2893 quern
126 2842 220 2878 secum
236 2821 342 2897 patrios
358 2820 439 2877 aiunt
454 2836 566 2895 portare
583 2820 713 2890 Penates,

38 2918 111 2974 quem
126 2902 241 2959 subiisse
258 2901 362 2958 umeris
378 2901 544 2958 confectum
561 2915 653 2956 aetate
669 2901 835 2975 parentem!

35 2979 86 3037 non
100 2983 175 3058 potui
192 2983 344 3058 abreptum
360 2981 498 3038 divellere
514 3001 624 3056 corpus,
641 2999 669 3036 et
684 2981 767 3036 undis
849 2998 887 3035 600

34 3068 170 3136 spargere?
191 3083 251 3120 non
268 3062 367 3130 socios,
384 3082 442 3117 non
459 3062 551 3136 ipsum
567 3061 714 3116 absumere
731 3061 806 3115 ferro

31 3141 186 3216 Ascanium,
202 3143 360 3221 patriisque
377 3142 552 3217 epulandum
568 3161 676 3216 ponere
692 3139 814 3196 mensis?

349 3235 393 3296 576
411 3235 523 3280 stimulat.
