<?xml version="1.0" encoding="UTF-8"?>
<!DOCTYPE html PUBLIC "-//W3C//DTD XHTML 1.0 Transitional//EN"
    "http://www.w3.org/TR/xhtml1/DTD/xhtml1-transitional.dtd">
<html xmlns="http://www.w3.org/1999/xhtml" xml:lang="en" lang="en">
 <head>
  <title>
</title>
<meta http-equiv="Content-Type" content="text/html;charset=utf-8" />
  <meta name='ocr-system' content='tesseract 3.04.00' />
  <meta name='ocr-capabilities' content='ocr_page ocr_carea ocr_par ocr_line ocrx_word'/>
</head>
<body>
  <div class='ocr_page' id='page_1' title='image "aeneidvirgilboo00pagegoog_0095.png"; bbox 0 0 2002 3614; ppageno 0'>
   <div class='ocr_carea' id='block_1_1' title="bbox 344 172 704 221">
    <p class='ocr_par' dir='ltr' id='par_1_1' title="bbox 344 172 704 221">
     <span class='ocr_line' id='line_1_1' title="bbox 344 172 704 221; baseline 0 -1"><span class='ocrx_word' id='word_1_1' title='bbox 344 174 369 220; x_wconf 89' lang='lat' dir='ltr'>P.</span> <span class='ocrx_word' id='word_1_2' title='bbox 388 173 527 221; x_wconf 87' lang='lat' dir='ltr'>VERGILI</span> <span class='ocrx_word' id='word_1_3' title='bbox 547 172 704 221; x_wconf 85' lang='lat' dir='ltr'>MARONIS</span> 
     </span>
    </p>
   </div>
   <div class='ocr_carea' id='block_1_2' title="bbox 95 300 947 3270">
    <p class='ocr_par' dir='ltr' id='par_1_2' title="bbox 95 300 947 3270">
     <span class='ocr_line' id='line_1_2' title="bbox 113 300 820 360; baseline 0.004 -4"><span class='ocrx_word' id='word_1_4' title='bbox 113 300 168 356; x_wconf 89' lang='lat' dir='ltr'>iam</span> <span class='ocrx_word' id='word_1_5' title='bbox 185 303 252 359; x_wconf 91' lang='lat' dir='ltr'>sua!</span> <span class='ocrx_word' id='word_1_6' title='bbox 277 323 327 358; x_wconf 90' lang='lat' dir='ltr'>nos</span> <span class='ocrx_word' id='word_1_7' title='bbox 343 303 398 359; x_wconf 89' lang='lat' dir='ltr'>alia</span> <span class='ocrx_word' id='word_1_8' title='bbox 414 323 448 359; x_wconf 83' lang='lat' dir='ltr'>ex</span> <span class='ocrx_word' id='word_1_9' title='bbox 464 302 526 360; x_wconf 91' lang='lat' dir='ltr'>aliis</span> <span class='ocrx_word' id='word_1_10' title='bbox 541 303 571 359; x_wconf 94' lang='lat' dir='ltr'>in</span> <span class='ocrx_word' id='word_1_11' title='bbox 587 303 646 360; x_wconf 89' lang='lat' dir='ltr'>fata</span> <span class='ocrx_word' id='word_1_12' title='bbox 661 322 820 360; x_wconf 86' lang='lat' dir='ltr'>vocamur:</span> 
     </span>
     <span class='ocr_line' id='line_1_3' title="bbox 111 381 905 461; baseline 0.005 -26"><span class='ocrx_word' id='word_1_13' title='bbox 111 381 191 437; x_wconf 91' lang='lat' dir='ltr'>vobis</span> <span class='ocrx_word' id='word_1_14' title='bbox 205 398 286 457; x_wconf 92' lang='lat' dir='ltr'>parta</span> <span class='ocrx_word' id='word_1_15' title='bbox 301 382 390 459; x_wconf 93' lang='lat' dir='ltr'>quies,</span> <span class='ocrx_word' id='word_1_16' title='bbox 407 383 521 440; x_wconf 91' lang='lat' dir='ltr'>nullum</span> <span class='ocrx_word' id='word_1_17' title='bbox 537 383 620 440; x_wconf 90' lang='lat' dir='ltr'>maris</span> <span class='ocrx_word' id='word_1_18' title='bbox 636 404 743 461; x_wconf 89' lang='lat' dir='ltr'>aequor</span> <span class='ocrx_word' id='word_1_19' title='bbox 758 383 905 453; x_wconf 90' lang='lat' dir='ltr'>arandum,</span> 
     </span>
     <span class='ocr_line' id='line_1_4' title="bbox 111 463 814 540; baseline 0.004 -23"><span class='ocrx_word' id='word_1_20' title='bbox 111 482 176 518; x_wconf 92' lang='lat' dir='ltr'>arva</span> <span class='ocrx_word' id='word_1_21' title='bbox 192 483 286 539; x_wconf 92' lang='lat' dir='ltr'>neque</span> <span class='ocrx_word' id='word_1_22' title='bbox 301 463 446 520; x_wconf 86' lang='lat' dir='ltr'>Ausoniae</span> <span class='ocrx_word' id='word_1_23' title='bbox 461 485 573 540; x_wconf 85' lang='lat' dir='ltr'>semper</span> <span class='ocrx_word' id='word_1_24' title='bbox 587 463 721 521; x_wconf 87' lang='lat' dir='ltr'>cedentia</span> <span class='ocrx_word' id='word_1_25' title='bbox 736 479 814 520; x_wconf 89' lang='lat' dir='ltr'>retro</span> 
     </span>
     <span class='ocr_line' id='line_1_5' title="bbox 112 543 899 620; baseline 0.004 -22"><span class='ocrx_word' id='word_1_26' title='bbox 112 543 284 618; x_wconf 87' lang='lat' dir='ltr'>quaerenda.</span> <span class='ocrx_word' id='word_1_27' title='bbox 328 544 449 618; x_wconf 86' lang='lat' dir='ltr'>effigiem</span> <span class='ocrx_word' id='word_1_28' title='bbox 466 544 576 601; x_wconf 83' lang='lat' dir='ltr'>Xanthi</span> <span class='ocrx_word' id='word_1_29' title='bbox 594 544 773 620; x_wconf 85' lang='lat' dir='ltr'>Troiamque</span> <span class='ocrx_word' id='word_1_30' title='bbox 787 544 899 614; x_wconf 89' lang='lat' dir='ltr'>videtis,</span> 
     </span>
     <span class='ocr_line' id='line_1_6' title="bbox 112 624 838 713; baseline 0.004 -35"><span class='ocrx_word' id='word_1_31' title='bbox 112 642 197 713; x_wconf 84' lang='lat' dir='ltr'>quam</span> <span class='ocrx_word' id='word_1_32' title='bbox 212 639 322 680; x_wconf 89' lang='lat' dir='ltr'>vestrae</span> <span class='ocrx_word' id='word_1_33' title='bbox 338 624 434 681; x_wconf 89' lang='lat' dir='ltr'>fecere</span> <span class='ocrx_word' id='word_1_34' title='bbox 450 645 549 682; x_wconf 89' lang='lat' dir='ltr'>manus</span> <span class='ocrx_word' id='word_1_35' title='bbox 565 624 741 695; x_wconf 86' lang='lat' dir='ltr'>melioribus,</span> <span class='ocrx_word' id='word_1_36' title='bbox 757 641 838 701; x_wconf 90' lang='lat' dir='ltr'>opt0,</span> 
     </span>
     <span class='ocr_line' id='line_1_7' title="bbox 112 702 808 781; baseline 0.004 -22"><span class='ocrx_word' id='word_1_37' title='bbox 112 702 252 779; x_wconf 88' lang='lat' dir='ltr'>auspiciis,</span> <span class='ocrx_word' id='word_1_38' title='bbox 270 720 298 761; x_wconf 93' lang='lat' dir='ltr'>et</span> <span class='ocrx_word' id='word_1_39' title='bbox 312 725 385 781; x_wconf 91' lang='lat' dir='ltr'>quae</span> <span class='ocrx_word' id='word_1_40' title='bbox 401 705 489 762; x_wconf 90' lang='lat' dir='ltr'>fuerit</span> <span class='ocrx_word' id='word_1_41' title='bbox 504 705 598 762; x_wconf 91' lang='lat' dir='ltr'>minus</span> <span class='ocrx_word' id='word_1_42' title='bbox 613 705 696 761; x_wconf 91' lang='lat' dir='ltr'>obvia</span> <span class='ocrx_word' id='word_1_43' title='bbox 712 705 808 763; x_wconf 89' lang='lat' dir='ltr'>Grais.</span> 
     </span>
     <span class='ocr_line' id='line_1_8' title="bbox 111 781 947 876; baseline 0 -38"><span class='ocrx_word' id='word_1_44' title='bbox 111 804 132 838; x_wconf 92' lang='lat' dir='ltr'>s1</span> <span class='ocrx_word' id='word_1_45' title='bbox 126 781 263 860; x_wconf 93' lang='lat' dir='ltr'>quando</span> <span class='ocrx_word' id='word_1_46' title='bbox 279 784 465 876; x_wconf 90' lang='lat' dir='ltr'>Thybrim</span> <span class='ocrx_word' id='word_1_47' title='bbox 439 786 592 863; x_wconf 84' lang='lat' dir='ltr'>vrcinaque</span> <span class='ocrx_word' id='word_1_48' title='bbox 609 785 769 876; x_wconf 82' lang='lat' dir='ltr'>Thybridis</span> <span class='ocrx_word' id='word_1_49' title='bbox 784 807 850 843; x_wconf 89' lang='lat' dir='ltr'>arva</span> <span class='ocrx_word' id='word_1_50' title='bbox 934 814 947 849; x_wconf 70' lang='lat'>5‹</span> 
     </span>
     <span class='ocr_line' id='line_1_9' title="bbox 111 863 919 941; baseline 0.006 -23"><span class='ocrx_word' id='word_1_51' title='bbox 111 863 218 920; x_wconf 90' lang='lat' dir='ltr'>intraro</span> <span class='ocrx_word' id='word_1_52' title='bbox 232 865 368 941; x_wconf 89' lang='lat' dir='ltr'>gentique</span> <span class='ocrx_word' id='word_1_53' title='bbox 384 886 464 922; x_wconf 89' lang='lat' dir='ltr'>meae</span> <span class='ocrx_word' id='word_1_54' title='bbox 481 866 529 923; x_wconf 90' lang='lat' dir='ltr'>dat</span> <span class='ocrx_word' id='word_1_55' title='bbox 519 881 545 923; x_wconf 91' lang='lat' dir='ltr'>ta</span> <span class='ocrx_word' id='word_1_56' title='bbox 560 865 674 923; x_wconf 90' lang='lat' dir='ltr'>moenia</span> <span class='ocrx_word' id='word_1_57' title='bbox 690 887 817 937; x_wconf 89' lang='lat' dir='ltr'>cernam,</span> <span class='ocrx_word' id='word_1_58' title='bbox 914 883 919 896; x_wconf 90' lang='lat'><strong>·</strong></span> 
     </span>
     <span class='ocr_line' id='line_1_10' title="bbox 112 945 825 1027; baseline 0.007 -28"><span class='ocrx_word' id='word_1_59' title='bbox 112 960 244 1018; x_wconf 87' lang='lat' dir='ltr'>cognatas</span> <span class='ocrx_word' id='word_1_60' title='bbox 260 945 342 1003; x_wconf 88' lang='lat' dir='ltr'>urbes</span> <span class='ocrx_word' id='word_1_61' title='bbox 357 946 427 1003; x_wconf 93' lang='lat' dir='ltr'>olim</span> <span class='ocrx_word' id='word_1_62' title='bbox 442 947 622 1027; x_wconf 89' lang='lat' dir='ltr'>populosque</span> <span class='ocrx_word' id='word_1_63' title='bbox 637 946 825 1023; x_wconf 86' lang='lat' dir='ltr'>propinquos,</span> 
     </span>
     <span class='ocr_line' id='line_1_11' title="bbox 112 1022 867 1104; baseline 0.007 -25"><span class='ocrx_word' id='word_1_64' title='bbox 112 1024 208 1100; x_wconf 91' lang='lat' dir='ltr'>Epiro,</span> <span class='ocrx_word' id='word_1_65' title='bbox 225 1026 374 1102; x_wconf 89' lang='lat' dir='ltr'>Hesperia,</span> <span class='ocrx_word' id='word_1_66' title='bbox 391 1026 492 1104; x_wconf 92' lang='lat' dir='ltr'>quibus</span> <span class='ocrx_word' id='word_1_67' title='bbox 503 1022 586 1083; x_wconf 91' lang='lat' dir='ltr'>idern</span> <span class='ocrx_word' id='word_1_68' title='bbox 601 1027 752 1084; x_wconf 91' lang='lat' dir='ltr'>Dardanus</span> <span class='ocrx_word' id='word_1_69' title='bbox 768 1044 867 1084; x_wconf 86' lang='lat' dir='ltr'>auctor</span> 
     </span>
     <span class='ocr_line' id='line_1_12' title="bbox 111 1105 817 1185; baseline 0.006 -25"><span class='ocrx_word' id='word_1_70' title='bbox 111 1120 198 1181; x_wconf 91' lang='lat' dir='ltr'>atque</span> <span class='ocrx_word' id='word_1_71' title='bbox 213 1105 294 1162; x_wconf 91' lang='lat' dir='ltr'>idem</span> <span class='ocrx_word' id='word_1_72' title='bbox 305 1127 392 1177; x_wconf 89' lang='lat' dir='ltr'>casus,</span> <span class='ocrx_word' id='word_1_73' title='bbox 409 1127 495 1164; x_wconf 92' lang='lat' dir='ltr'>unam</span> <span class='ocrx_word' id='word_1_74' title='bbox 512 1107 648 1164; x_wconf 88' lang='lat' dir='ltr'>faciemus</span> <span class='ocrx_word' id='word_1_75' title='bbox 664 1124 817 1185; x_wconf 93' lang='lat' dir='ltr'>utramque</span> 
     </span>
     <span class='ocr_line' id='line_1_13' title="bbox 112 1185 915 1265; baseline 0.002 -23"><span class='ocrx_word' id='word_1_76' title='bbox 112 1185 231 1243; x_wconf 85' lang='lat' dir='ltr'>Troiam</span> <span class='ocrx_word' id='word_1_77' title='bbox 247 1187 367 1257; x_wconf 90' lang='lat' dir='ltr'>animis;</span> <span class='ocrx_word' id='word_1_78' title='bbox 389 1203 503 1244; x_wconf 91' lang='lat' dir='ltr'>maneat</span> <span class='ocrx_word' id='word_1_79' title='bbox 521 1203 629 1244; x_wconf 90' lang='lat' dir='ltr'>nostros</span> <span class='ocrx_word' id='word_1_80' title='bbox 646 1209 678 1244; x_wconf 91' lang='lat' dir='ltr'>ea</span> <span class='ocrx_word' id='word_1_81' title='bbox 693 1208 760 1244; x_wconf 91' lang='lat' dir='ltr'>cura</span> <span class='ocrx_word' id='word_1_82' title='bbox 776 1188 915 1265; x_wconf 66' lang='lat' dir='ltr'>nepotes!</span> 
     </span>
     <span class='ocr_line' id='line_1_14' title="bbox 152 1267 831 1344; baseline 0.001 -21"><span class='ocrx_word' id='word_1_83' title='bbox 152 1267 337 1342; x_wconf 89' lang='lat' dir='ltr'>provehimur</span> <span class='ocrx_word' id='word_1_84' title='bbox 351 1269 454 1344; x_wconf 90' lang='lat' dir='ltr'>pelago</span> <span class='ocrx_word' id='word_1_85' title='bbox 469 1268 565 1325; x_wconf 91' lang='lat' dir='ltr'>vicina</span> <span class='ocrx_word' id='word_1_86' title='bbox 582 1267 726 1325; x_wconf 88' lang='lat' dir='ltr'>Ceraunia</span> <span class='ocrx_word' id='word_1_87' title='bbox 741 1267 831 1339; x_wconf 85' lang='lat' dir='ltr'>iuxta,</span> 
     </span>
     <span class='ocr_line' id='line_1_15' title="bbox 113 1346 867 1426; baseline 0.004 -23"><span class='ocrx_word' id='word_1_88' title='bbox 113 1347 189 1404; x_wconf 91' lang='lat' dir='ltr'>unde</span> <span class='ocrx_word' id='word_1_89' title='bbox 204 1346 259 1404; x_wconf 90' lang='lat' dir='ltr'>iter</span> <span class='ocrx_word' id='word_1_90' title='bbox 274 1348 387 1404; x_wconf 90' lang='lat' dir='ltr'>Italiam</span> <span class='ocrx_word' id='word_1_91' title='bbox 403 1369 558 1426; x_wconf 89' lang='lat' dir='ltr'>cursusque</span> <span class='ocrx_word' id='word_1_92' title='bbox 574 1348 755 1405; x_wconf 90' lang='lat' dir='ltr'>brevissimus</span> <span class='ocrx_word' id='word_1_93' title='bbox 771 1349 867 1406; x_wconf 91' lang='lat' dir='ltr'>undis.</span> 
     </span>
     <span class='ocr_line' id='line_1_16' title="bbox 112 1427 816 1505; baseline 0.003 -21"><span class='ocrx_word' id='word_1_94' title='bbox 112 1428 152 1484; x_wconf 91' lang='lat' dir='ltr'>sol</span> <span class='ocrx_word' id='word_1_95' title='bbox 169 1427 226 1484; x_wconf 92' lang='lat' dir='ltr'>ruit</span> <span class='ocrx_word' id='word_1_96' title='bbox 240 1428 350 1485; x_wconf 90' lang='lat' dir='ltr'>interea</span> <span class='ocrx_word' id='word_1_97' title='bbox 366 1445 394 1486; x_wconf 92' lang='lat' dir='ltr'>et</span> <span class='ocrx_word' id='word_1_98' title='bbox 410 1445 523 1486; x_wconf 90' lang='lat' dir='ltr'>montes</span> <span class='ocrx_word' id='word_1_99' title='bbox 539 1430 708 1486; x_wconf 89' lang='lat' dir='ltr'>umbrantur</span> <span class='ocrx_word' id='word_1_100' title='bbox 722 1429 816 1505; x_wconf 87' lang='lat' dir='ltr'>opaci.</span> 
     </span>
     <span class='ocr_line' id='line_1_17' title="bbox 112 1508 821 1585; baseline 0.003 -21"><span class='ocrx_word' id='word_1_101' title='bbox 112 1508 265 1565; x_wconf 87' lang='lat' dir='ltr'>sternimur</span> <span class='ocrx_word' id='word_1_102' title='bbox 280 1525 393 1585; x_wconf 90' lang='lat' dir='ltr'>optatae</span> <span class='ocrx_word' id='word_1_103' title='bbox 409 1509 518 1583; x_wconf 84' lang='lat' dir='ltr'>gremio</span> <span class='ocrx_word' id='word_1_104' title='bbox 536 1509 646 1566; x_wconf 86' lang='lat' dir='ltr'>telluris</span> <span class='ocrx_word' id='word_1_105' title='bbox 662 1509 697 1565; x_wconf 93' lang='lat' dir='ltr'>ad</span> <span class='ocrx_word' id='word_1_106' title='bbox 713 1509 821 1566; x_wconf 91' lang='lat' dir='ltr'>undam</span> 
     </span>
     <span class='ocr_line' id='line_1_18' title="bbox 113 1589 945 1667; baseline 0.002 -23"><span class='ocrx_word' id='word_1_107' title='bbox 113 1589 204 1646; x_wconf 89' lang='lat' dir='ltr'>sortiti</span> <span class='ocrx_word' id='word_1_108' title='bbox 220 1609 321 1659; x_wconf 90' lang='lat' dir='ltr'>remos,</span> <span class='ocrx_word' id='word_1_109' title='bbox 337 1589 499 1667; x_wconf 89' lang='lat' dir='ltr'>passimque</span> <span class='ocrx_word' id='word_1_110' title='bbox 515 1589 546 1646; x_wconf 91' lang='lat' dir='ltr'>in</span> <span class='ocrx_word' id='word_1_111' title='bbox 563 1589 647 1646; x_wconf 92' lang='lat' dir='ltr'>litore</span> <span class='ocrx_word' id='word_1_112' title='bbox 662 1590 739 1647; x_wconf 91' lang='lat' dir='ltr'>sicco</span> <span class='ocrx_word' id='word_1_113' title='bbox 935 1618 945 1654; x_wconf 76' lang='lat'>5</span> 
     </span>
     <span class='ocr_line' id='line_1_19' title="bbox 112 1669 822 1746; baseline 0.006 -22"><span class='ocrx_word' id='word_1_114' title='bbox 112 1690 229 1745; x_wconf 91' lang='lat' dir='ltr'>corpora</span> <span class='ocrx_word' id='word_1_115' title='bbox 245 1690 394 1739; x_wconf 90' lang='lat' dir='ltr'>curamus;</span> <span class='ocrx_word' id='word_1_116' title='bbox 417 1671 503 1726; x_wconf 91' lang='lat' dir='ltr'>fessos</span> <span class='ocrx_word' id='word_1_117' title='bbox 520 1691 603 1746; x_wconf 92' lang='lat' dir='ltr'>sopor</span> <span class='ocrx_word' id='word_1_118' title='bbox 618 1669 721 1744; x_wconf 87' lang='lat' dir='ltr'>inrigat</span> <span class='ocrx_word' id='word_1_119' title='bbox 736 1687 822 1728; x_wconf 88' lang='lat' dir='ltr'>artus.</span> 
     </span>
     <span class='ocr_line' id='line_1_20' title="bbox 112 1750 887 1808; baseline 0.003 -2"><span class='ocrx_word' id='word_1_120' title='bbox 112 1750 237 1807; x_wconf 91' lang='lat' dir='ltr'>necdum</span> <span class='ocrx_word' id='word_1_121' title='bbox 252 1750 351 1807; x_wconf 90' lang='lat' dir='ltr'>orbem</span> <span class='ocrx_word' id='word_1_122' title='bbox 367 1751 495 1807; x_wconf 91' lang='lat' dir='ltr'>medium</span> <span class='ocrx_word' id='word_1_123' title='bbox 512 1771 569 1807; x_wconf 84' lang='lat' dir='ltr'>nox</span> <span class='ocrx_word' id='word_1_124' title='bbox 584 1750 661 1806; x_wconf 89' lang='lat' dir='ltr'>horis</span> <span class='ocrx_word' id='word_1_125' title='bbox 677 1766 739 1807; x_wconf 89' lang='lat' dir='ltr'>acta</span> <span class='ocrx_word' id='word_1_126' title='bbox 755 1751 887 1808; x_wconf 91' lang='lat' dir='ltr'>subibat:</span> 
     </span>
     <span class='ocr_line' id='line_1_21' title="bbox 112 1830 831 1905; baseline 0.001 -19"><span class='ocrx_word' id='word_1_127' title='bbox 112 1830 188 1886; x_wconf 92' lang='lat' dir='ltr'>haud</span> <span class='ocrx_word' id='word_1_128' title='bbox 203 1831 295 1904; x_wconf 84' lang='lat' dir='ltr'>segnis</span> <span class='ocrx_word' id='word_1_129' title='bbox 310 1847 397 1888; x_wconf 91' lang='lat' dir='ltr'>strato</span> <span class='ocrx_word' id='word_1_130' title='bbox 413 1831 503 1905; x_wconf 88' lang='lat' dir='ltr'>surgit</span> <span class='ocrx_word' id='word_1_131' title='bbox 520 1830 670 1887; x_wconf 91' lang='lat' dir='ltr'>Palinurus</span> <span class='ocrx_word' id='word_1_132' title='bbox 687 1846 716 1887; x_wconf 88' lang='lat' dir='ltr'>et</span> <span class='ocrx_word' id='word_1_133' title='bbox 730 1851 831 1888; x_wconf 92' lang='lat' dir='ltr'>omnes</span> 
     </span>
     <span class='ocr_line' id='line_1_22' title="bbox 113 1910 795 1987; baseline 0 -20"><span class='ocrx_word' id='word_1_134' title='bbox 113 1912 242 1987; x_wconf 84' lang='lat' dir='ltr'>explorat</span> <span class='ocrx_word' id='word_1_135' title='bbox 256 1927 357 1968; x_wconf 88' lang='lat' dir='ltr'>ventos</span> <span class='ocrx_word' id='word_1_136' title='bbox 373 1927 457 1987; x_wconf 89' lang='lat' dir='ltr'>atque</span> <span class='ocrx_word' id='word_1_137' title='bbox 474 1910 587 1967; x_wconf 89' lang='lat' dir='ltr'>auribus</span> <span class='ocrx_word' id='word_1_138' title='bbox 603 1920 664 1967; x_wconf 78' lang='lat' dir='ltr'>ae&#39;ra</span> <span class='ocrx_word' id='word_1_139' title='bbox 679 1926 795 1987; x_wconf 90' lang='lat' dir='ltr'>captat;</span> 
     </span>
     <span class='ocr_line' id='line_1_23' title="bbox 112 1991 771 2062; baseline 0 -14"><span class='ocrx_word' id='word_1_140' title='bbox 112 1991 203 2048; x_wconf 91' lang='lat' dir='ltr'>sidera</span> <span class='ocrx_word' id='word_1_141' title='bbox 219 2008 323 2048; x_wconf 89' lang='lat' dir='ltr'>cuncta</span> <span class='ocrx_word' id='word_1_142' title='bbox 339 2007 420 2048; x_wconf 89' lang='lat' dir='ltr'>notat</span> <span class='ocrx_word' id='word_1_143' title='bbox 438 1991 524 2048; x_wconf 89' lang='lat' dir='ltr'>tacito</span> <span class='ocrx_word' id='word_1_144' title='bbox 540 1991 666 2047; x_wconf 91' lang='lat' dir='ltr'>labentia</span> <span class='ocrx_word' id='word_1_145' title='bbox 681 1991 771 2062; x_wconf 80' lang='lat' dir='ltr'>caelO,</span> 
     </span>
     <span class='ocr_line' id='line_1_24' title="bbox 112 2071 931 2149; baseline 0 -21"><span class='ocrx_word' id='word_1_146' title='bbox 112 2074 265 2129; x_wconf 87' lang='lat' dir='ltr'>Arcturum</span> <span class='ocrx_word' id='word_1_147' title='bbox 280 2072 447 2149; x_wconf 89' lang='lat' dir='ltr'>pluviasque</span> <span class='ocrx_word' id='word_1_148' title='bbox 465 2071 581 2147; x_wconf 91' lang='lat' dir='ltr'>Hyadas</span> <span class='ocrx_word' id='word_1_149' title='bbox 597 2072 783 2148; x_wconf 88' lang='lat' dir='ltr'>geminosque</span> <span class='ocrx_word' id='word_1_150' title='bbox 800 2072 931 2140; x_wconf 88' lang='lat' dir='ltr'>Triones,</span> 
     </span>
     <span class='ocr_line' id='line_1_25' title="bbox 112 2152 778 2230; baseline 0 -22"><span class='ocrx_word' id='word_1_151' title='bbox 112 2170 308 2230; x_wconf 88' lang='lat' dir='ltr'>armatumque</span> <span class='ocrx_word' id='word_1_152' title='bbox 323 2173 390 2209; x_wconf 89' lang='lat' dir='ltr'>auro</span> <span class='ocrx_word' id='word_1_153' title='bbox 407 2152 603 2228; x_wconf 89' lang='lat' dir='ltr'>circumspicit</span> <span class='ocrx_word' id='word_1_154' title='bbox 619 2152 738 2210; x_wconf 88' lang='lat' dir='ltr'>Oriona.</span> <span class='ocrx_word' id='word_1_155' title='bbox 776 2186 778 2190; x_wconf 94' lang='lat'>·</span> 
     </span>
     <span class='ocr_line' id='line_1_26' title="bbox 112 2233 845 2310; baseline 0.004 -23"><span class='ocrx_word' id='word_1_156' title='bbox 112 2249 260 2310; x_wconf 90' lang='lat' dir='ltr'>postquam</span> <span class='ocrx_word' id='word_1_157' title='bbox 276 2249 380 2290; x_wconf 88' lang='lat' dir='ltr'>cuncta</span> <span class='ocrx_word' id='word_1_158' title='bbox 396 2233 476 2289; x_wconf 91' lang='lat' dir='ltr'>videt</span> <span class='ocrx_word' id='word_1_159' title='bbox 492 2233 572 2289; x_wconf 90' lang='lat' dir='ltr'>caelo</span> <span class='ocrx_word' id='word_1_160' title='bbox 588 2249 716 2290; x_wconf 88' lang='lat' dir='ltr'>constare</span> <span class='ocrx_word' id='word_1_161' title='bbox 732 2254 845 2305; x_wconf 85' lang='lat' dir='ltr'>sereno,</span> 
     </span>
     <span class='ocr_line' id='line_1_27' title="bbox 112 2313 910 2404; baseline 0 -36"><span class='ocrx_word' id='word_1_162' title='bbox 112 2313 160 2369; x_wconf 93' lang='lat' dir='ltr'>dat</span> <span class='ocrx_word' id='word_1_163' title='bbox 175 2315 283 2371; x_wconf 89' lang='lat' dir='ltr'>clarum</span> <span class='ocrx_word' id='word_1_164' title='bbox 299 2335 314 2370; x_wconf 95' lang='lat' dir='ltr'>e</span> <span class='ocrx_word' id='word_1_165' title='bbox 329 2314 419 2404; x_wconf 91' lang='lat' dir='ltr'>puppi</span> <span class='ocrx_word' id='word_1_166' title='bbox 437 2314 569 2387; x_wconf 88' lang='lat' dir='ltr'>signum:</span> <span class='ocrx_word' id='word_1_167' title='bbox 593 2334 643 2370; x_wconf 91' lang='lat' dir='ltr'>nos</span> <span class='ocrx_word' id='word_1_168' title='bbox 659 2329 750 2370; x_wconf 91' lang='lat' dir='ltr'>castra</span> <span class='ocrx_word' id='word_1_169' title='bbox 764 2334 910 2371; x_wconf 86' lang='lat' dir='ltr'>movemus</span> 
     </span>
     <span class='ocr_line' id='line_1_28' title="bbox 114 2394 945 2482; baseline 0.004 -34"><span class='ocrx_word' id='word_1_170' title='bbox 114 2410 342 2482; x_wconf 79' lang='lat' dir='ltr'>temptamusque</span> <span class='ocrx_word' id='word_1_171' title='bbox 358 2394 432 2451; x_wconf 91' lang='lat' dir='ltr'>viam</span> <span class='ocrx_word' id='word_1_172' title='bbox 450 2410 478 2450; x_wconf 92' lang='lat' dir='ltr'>et</span> <span class='ocrx_word' id='word_1_173' title='bbox 493 2395 623 2450; x_wconf 93' lang='lat' dir='ltr'>velorum</span> <span class='ocrx_word' id='word_1_174' title='bbox 637 2394 791 2469; x_wconf 92' lang='lat' dir='ltr'>pandimus</span> <span class='ocrx_word' id='word_1_175' title='bbox 806 2395 873 2451; x_wconf 90' lang='lat' dir='ltr'>alas.</span> <span class='ocrx_word' id='word_1_176' title='bbox 936 2421 945 2456; x_wconf 82' lang='lat'><strong>5</strong></span> 
     </span>
     <span class='ocr_line' id='line_1_29' title="bbox 112 2474 768 2550; baseline 0.005 -23"><span class='ocrx_word' id='word_1_177' title='bbox 112 2494 224 2550; x_wconf 80' lang='lat' dir='ltr'>tamque</span> <span class='ocrx_word' id='word_1_178' title='bbox 240 2475 408 2532; x_wconf 86' lang='lat' dir='ltr'>rubescebat</span> <span class='ocrx_word' id='word_1_179' title='bbox 425 2475 514 2531; x_wconf 90' lang='lat' dir='ltr'>stellis</span> <span class='ocrx_word' id='word_1_180' title='bbox 529 2475 639 2530; x_wconf 88' lang='lat' dir='ltr'>Aurora</span> <span class='ocrx_word' id='word_1_181' title='bbox 655 2474 768 2548; x_wconf 86' lang='lat' dir='ltr'>fugatis,</span> 
     </span>
     <span class='ocr_line' id='line_1_30' title="bbox 113 2554 905 2630; baseline 0 -20"><span class='ocrx_word' id='word_1_182' title='bbox 113 2575 178 2610; x_wconf 89' lang='lat' dir='ltr'>curn</span> <span class='ocrx_word' id='word_1_183' title='bbox 194 2556 293 2629; x_wconf 91' lang='lat' dir='ltr'>procul</span> <span class='ocrx_word' id='word_1_184' title='bbox 310 2557 444 2612; x_wconf 90' lang='lat' dir='ltr'>obscuros</span> <span class='ocrx_word' id='word_1_185' title='bbox 460 2555 548 2612; x_wconf 90' lang='lat' dir='ltr'>colles</span> <span class='ocrx_word' id='word_1_186' title='bbox 563 2554 761 2630; x_wconf 92' lang='lat' dir='ltr'>humilemque</span> <span class='ocrx_word' id='word_1_187' title='bbox 777 2555 905 2612; x_wconf 89' lang='lat' dir='ltr'>videmus</span> 
     </span>
     <span class='ocr_line' id='line_1_31' title="bbox 115 2634 846 2712; baseline 0.005 -24"><span class='ocrx_word' id='word_1_188' title='bbox 115 2634 237 2692; x_wconf 88' lang='lat' dir='ltr'>ltaliam.</span> <span class='ocrx_word' id='word_1_189' title='bbox 279 2636 394 2692; x_wconf 90' lang='lat' dir='ltr'>ltaliam</span> <span class='ocrx_word' id='word_1_190' title='bbox 410 2635 518 2712; x_wconf 91' lang='lat' dir='ltr'>primus</span> <span class='ocrx_word' id='word_1_191' title='bbox 534 2636 696 2692; x_wconf 89' lang='lat' dir='ltr'>conclamat</span> <span class='ocrx_word' id='word_1_192' title='bbox 709 2635 846 2706; x_wconf 90' lang='lat' dir='ltr'>Achates,</span> 
     </span>
     <span class='ocr_line' id='line_1_32' title="bbox 113 2714 695 2773; baseline 0.003 -4"><span class='ocrx_word' id='word_1_193' title='bbox 113 2714 225 2771; x_wconf 91' lang='lat' dir='ltr'>ltaliam</span> <span class='ocrx_word' id='word_1_194' title='bbox 242 2716 317 2772; x_wconf 92' lang='lat' dir='ltr'>laeto</span> <span class='ocrx_word' id='word_1_195' title='bbox 334 2716 403 2773; x_wconf 88' lang='lat' dir='ltr'>socii</span> <span class='ocrx_word' id='word_1_196' title='bbox 420 2718 546 2772; x_wconf 89' lang='lat' dir='ltr'>clamore</span> <span class='ocrx_word' id='word_1_197' title='bbox 561 2717 695 2772; x_wconf 85' lang='lat' dir='ltr'>salutant.</span> 
     </span>
     <span class='ocr_line' id='line_1_33' title="bbox 114 2797 822 2869; baseline 0.004 -20"><span class='ocrx_word' id='word_1_198' title='bbox 114 2810 174 2850; x_wconf 89' lang='lat' dir='ltr'>tum</span> <span class='ocrx_word' id='word_1_199' title='bbox 190 2812 270 2869; x_wconf 87' lang='lat' dir='ltr'>pater</span> <span class='ocrx_word' id='word_1_200' title='bbox 285 2797 426 2853; x_wconf 87' lang='lat' dir='ltr'>Anchises</span> <span class='ocrx_word' id='word_1_201' title='bbox 443 2816 578 2869; x_wconf 86' lang='lat' dir='ltr'>magnum</span> <span class='ocrx_word' id='word_1_202' title='bbox 593 2812 700 2853; x_wconf 89' lang='lat' dir='ltr'>cratera</span> <span class='ocrx_word' id='word_1_203' title='bbox 715 2816 822 2852; x_wconf 92' lang='lat' dir='ltr'>corona</span> 
     </span>
     <span class='ocr_line' id='line_1_34' title="bbox 113 2873 778 2969; baseline 0.005 -41"><span class='ocrx_word' id='word_1_204' title='bbox 113 2873 208 2930; x_wconf 90' lang='lat' dir='ltr'>induit</span> <span class='ocrx_word' id='word_1_205' title='bbox 223 2875 403 2966; x_wconf 78' lang='lat' dir='ltr'>inplevitque</span> <span class='ocrx_word' id='word_1_206' title='bbox 419 2898 497 2933; x_wconf 93' lang='lat' dir='ltr'>mero</span> <span class='ocrx_word' id='word_1_207' title='bbox 513 2876 649 2969; x_wconf 88' lang='lat' dir='ltr'>divosque</span> <span class='ocrx_word' id='word_1_208' title='bbox 665 2875 778 2932; x_wconf 91' lang='lat' dir='ltr'>vocavit</span> 
     </span>
     <span class='ocr_line' id='line_1_35' title="bbox 113 2957 451 3033; baseline 0.013 -24"><span class='ocrx_word' id='word_1_209' title='bbox 113 2969 189 3010; x_wconf 89' lang='lat' dir='ltr'>stans</span> <span class='ocrx_word' id='word_1_210' title='bbox 205 2957 323 3011; x_wconf 88' lang='lat' dir='ltr'>celsam</span> <span class='ocrx_word' id='word_1_211' title='bbox 339 2958 451 3033; x_wconf 90' lang='lat' dir='ltr'>puppi:</span> 
     </span>
     <span class='ocr_line' id='line_1_36' title="bbox 95 3033 827 3114; baseline 0.008 -26"><span class='ocrx_word' id='word_1_212' title='bbox 95 3033 140 3089; x_wconf 90' lang='lat' dir='ltr'>‘di</span> <span class='ocrx_word' id='word_1_213' title='bbox 157 3035 240 3091; x_wconf 90' lang='lat' dir='ltr'>maris</span> <span class='ocrx_word' id='word_1_214' title='bbox 256 3052 283 3092; x_wconf 87' lang='lat' dir='ltr'>et</span> <span class='ocrx_word' id='word_1_215' title='bbox 300 3052 389 3093; x_wconf 89' lang='lat' dir='ltr'>terrae</span> <span class='ocrx_word' id='word_1_216' title='bbox 406 3053 666 3114; x_wconf 86' lang='lat' dir='ltr'>tempestatumque</span> <span class='ocrx_word' id='word_1_217' title='bbox 681 3052 827 3112; x_wconf 86' lang='lat' dir='ltr'>potentes,</span> 
     </span>
     <span class='ocr_line' id='line_1_37' title="bbox 114 3113 833 3193; baseline 0.007 -25"><span class='ocrx_word' id='word_1_218' title='bbox 114 3113 229 3170; x_wconf 87' lang='lat' dir='ltr'>ferte</span> <span class='ocrx_word' id='word_1_219' title='bbox 203 3136 277 3171; x_wconf 90' lang='lat' dir='ltr'>vram</span> <span class='ocrx_word' id='word_1_220' title='bbox 293 3133 380 3172; x_wconf 90' lang='lat' dir='ltr'>vento</span> <span class='ocrx_word' id='word_1_221' title='bbox 397 3117 512 3174; x_wconf 89' lang='lat' dir='ltr'>facilem</span> <span class='ocrx_word' id='word_1_222' title='bbox 530 3134 557 3173; x_wconf 92' lang='lat' dir='ltr'>et</span> <span class='ocrx_word' id='word_1_223' title='bbox 573 3117 675 3193; x_wconf 88' lang='lat' dir='ltr'>spirate</span> <span class='ocrx_word' id='word_1_224' title='bbox 691 3118 833 3175; x_wconf 63' lang='lat' dir='ltr'>secundi!</span> 
     </span>
     <span class='ocr_line' id='line_1_38' title="bbox 234 3210 815 3270; baseline 0.003 -17"><span class='ocrx_word' id='word_1_225' title='bbox 234 3223 280 3268; x_wconf 81' lang='lat'>499</span> <span class='ocrx_word' id='word_1_226' title='bbox 298 3210 390 3256; x_wconf 88' lang='lat' dir='ltr'>fuerint.</span> <span class='ocrx_word' id='word_1_227' title='bbox 427 3210 633 3270; x_wconf 80' lang='lat' dir='ltr'>503Hesperiam</span> <span class='ocrx_word' id='word_1_228' title='bbox 669 3221 713 3270; x_wconf 84' lang='lat'>527</span> <span class='ocrx_word' id='word_1_229' title='bbox 732 3210 815 3268; x_wconf 86' lang='lat' dir='ltr'>prima.</span> 
     </span>
    </p>
   </div>
   <div class='ocr_carea' id='block_1_3' title="bbox 0 0 1008 3614">
    <p class='ocr_par' dir='ltr' id='par_1_3' title="bbox 0 0 1008 3614">
     <span class='ocr_line' id='line_1_39' title="bbox 0 0 1008 3614; baseline 0 0"><span class='ocrx_word' id='word_1_230' title='bbox 0 0 1008 3614; x_wconf 95' lang='lat' dir='ltr'> </span> 
     </span>
    </p>
   </div>
  </div>
 </body>
</html>
