2002 3614
360 181 526 230 AENEIDOS
543 181 606 230 LIB.
623 182 660 230 VI
916 191 959 228 rar

99 312 177 388 lapsa
191 309 301 369 cadunt
314 309 392 380 folia,
407 325 457 367 aut
472 309 508 366 ad
522 325 625 367 terram
640 310 752 385 gurgite
766 311 801 368 ab
816 311 874 367 alto
925 339 963 376 310
989 314 991 320 '

98 412 187 470 quam
201 391 310 448 multae
325 391 519 465 glomerantur
533 411 607 460 aves,
622 390 671 447 ubi
686 391 804 466 frigidus
820 411 911 450 annus

100 488 177 530 trans
191 488 314 549 pontum
329 470 410 546 fugat
425 487 454 529 et
469 471 550 529 terris
565 471 688 529 inmittit
703 471 813 547 apricis.

98 553 213 611 stabant
227 567 340 610 orantes
353 552 439 630 primi
455 551 648 610 transmittere
663 572 787 621 cursum,

100 633 316 710 tendebantque
331 653 432 690 manus
445 633 523 710 ripae
540 632 680 690 ulterioris
695 653 808 703 amore;

99 714 198 772 navita
213 713 262 771 sed
277 713 362 771 tristis
376 734 455 771 nunc
470 716 522 771 hos
538 734 616 771 nunc
632 713 737 790 accipit
751 687 832 784 hoff,

99 810 143 852 ast
157 793 227 852 alios
242 796 327 869 longe
342 796 486 852 submotos
503 809 580 852 arcet
595 796 711 853 harena.
764 812 766 816 ⁴

98 877 210 933 Aeneas
225 875 343 932 miratus
359 875 437 933 enim
453 891 605 954 motusque
622 875 760 946 tumultu,

80 953 164 1025 ‘dic,'
179 955 229 1027 ait,
245 962 280 1012 ‘o
296 955 384 1030 virgo,
399 955 469 1032 quid
484 956 546 1013 vult
561 976 716 1014 concursus
730 955 765 1013 ad
779 960 916 1013 amnem?

99 1036 206 1115 quidve
221 1051 326 1112 petunt
341 1035 475 1093 animae?
497 1036 542 1093 vel
557 1057 615 1114 quo
630 1036 796 1093 discrimine
811 1035 882 1112 ripas

100 1120 154 1175 hae
168 1117 316 1195 linquunt,
332 1116 398 1173 illae
413 1116 497 1173 remis
513 1117 583 1174 vada
598 1117 685 1174 livida
699 1132 815 1175 verrunt
826 1114 849 1174 i’
928 1146 965 1183 320

100 1198 151 1255 olli
166 1197 208 1256 sic
223 1197 346 1255 breviter
360 1197 417 1254 fata
434 1213 475 1254 est
491 1199 628 1272 longaeva
643 1198 787 1256 sacerdos:

80 1278 226 1336 ‘Anchisa
240 1293 382 1353 generate,
399 1277 486 1334 deum
502 1278 657 1336 certissima
671 1271 772 1355 proles,

100 1359 206 1435 Cocyti
223 1374 320 1434 stagna
334 1359 391 1416 alta
406 1358 484 1416 vides
502 1359 686 1436 Stygiamque
699 1359 845 1435 paludem,

99 1439 130 1497 di
145 1439 227 1498 cuius
242 1439 334 1497 iurare
349 1439 454 1497 timent
470 1455 499 1497 et
515 1439 613 1497 fallere
628 1459 747 1497 numen.

100 1522 170 1578 haec
192 1519 297 1589 omnis,
315 1540 401 1597 quam
424 1520 528 1591 cernis,
548 1520 631 1597 inops
652 1520 859 1597 inhumataque
882 1520 964 1578 turba

181 1616 242 1670 est3

99 1681 224 1758 portitor
238 1680 288 1738 ille
304 1680 440 1751 Charon3
461 1681 501 1752 hi,
517 1702 588 1759 quos
604 1682 683 1740 vehit
699 1681 784 1753 unda,
800 1681 913 1758 sepulti.

101 1781 153 1819 nec
169 1761 245 1839 ripas
260 1761 343 1818 datur
356 1761 511 1819 horrendas
527 1777 557 1820 et
571 1783 654 1820 rauca
668 1762 776 1820 fluenta

102 1858 294 1919 transportare
308 1841 398 1919 prius,
413 1863 498 1919 quam
514 1843 627 1900 sedibus
643 1865 702 1901 ossa
717 1843 862 1920 quierunt.

101 1940 222 1982 centum
237 1937 333 1981 errant
348 1942 438 1980 annos
454 1921 635 2000 volitantque
650 1925 720 1982 haec
736 1924 820 1981 litora
835 1923 943 1981 circum
958 1949 965 1991 ;

102 2020 164 2062 tum
179 2005 299 2062 demum
315 2002 427 2061 admissi
445 2019 541 2078 stagna
558 2019 691 2080 exoptata
706 2001 851 2062 revisunt!
929 2035 967 2072 330

101 2085 232 2144 constitit
245 2084 373 2143 Anchisa
387 2099 462 2141 satus
477 2100 506 2141 et
520 2084 637 2159 vestigia
650 2083 759 2161 pressit,

101 2168 192 2225 multa
207 2181 321 2244 putans,
337 2180 497 2242 sortemque
514 2164 602 2222 animi
619 2165 766 2222 miseratus
780 2165 920 2242 iniquam.

101 2248 195 2306 cernit
210 2247 251 2305 ibi
267 2260 387 2304 maestos
402 2261 431 2303 et
447 2244 546 2303 mortis
562 2247 668 2303 honore
684 2261 811 2303 carentes

100 2329 273 2405 Leucaspim
289 2343 318 2385 et
332 2327 438 2403 Lyciae
456 2327 605 2384 ductorem
622 2327 717 2384 classis
732 2328 876 2396 Oronten,

100 2432 171 2487 quos
186 2409 272 2467 simul
288 2430 304 2466 a
319 2407 408 2464 Troia
424 2424 541 2466 ventosa
558 2429 608 2484 per
624 2429 745 2485 aequora
759 2424 855 2465 vectos

101 2492 196 2549 obruit
211 2492 326 2560 Auster,
342 2510 413 2566 aqua
428 2489 579 2546 involvens
596 2510 755 2566 navemque
771 2489 909 2565 virosque.

142 2592 210 2630 ecce
224 2571 398 2644 gubernator
412 2591 471 2628 sese
488 2570 639 2626 Palinurus
655 2571 762 2644 agebat,

101 2652 151 2728 qui
166 2652 278 2727 Libyco
293 2671 384 2727 nuper
399 2671 493 2720 cursu,
508 2650 577 2708 dum
594 2650 683 2707 sidera
697 2666 797 2720 servat,

103 2732 249 2790 exciderat
264 2731 353 2808 puppi
368 2731 469 2788 mediis
485 2731 588 2788 effusus
604 2731 634 2787 in
651 2731 743 2789 undis.

103 2814 179 2871 hunc
196 2812 245 2871 ubi
260 2813 309 2869 vix
324 2811 416 2869 multa
430 2828 571 2869 maestum
588 2812 722 2886 cognovit
737 2811 767 2868 in
784 2812 894 2879 umbra,
929 2841 967 2878 340

104 2893 144 2951 sic
158 2893 234 2971 prior
249 2891 431 2971 adloquitur:
454 2893 535 2970 ‘quis
551 2910 588 2963 te,
607 2892 749 2963 Palinure,
766 2892 884 2949 deorum

105 2973 209 3051 eripuit
224 2973 314 3045 nobis,
330 2972 483 3049 medioque
499 2974 549 3030 sub
565 2994 687 3049 aequore
703 2973 820 3029 mersit?

105 3053 152 3112 dic
166 3074 225 3129 age.
267 3075 392 3132 namque
408 3054 487 3124 mihi,
505 3055 591 3111 fallax
607 3054 683 3110 haud
698 3070 764 3111 ante
780 3069 915 3128 repertus,

107 3135 160 3192 hoc
174 3156 232 3193 uno
248 3156 384 3214 responso
399 3135 528 3193 animum
544 3135 648 3192 delusit
663 3135 778 3210 Apoll0,

440 3242 484 3289 332
503 3228 587 3274 animo.
