2002 3614
344 190 371 236 P.
388 188 531 237 VERGILI
549 188 706 236 MARONIS

113 333 175 374 tum
191 319 253 394 pius
268 319 398 377 Aeneas:
421 319 573 396 ‘equidem
588 319 627 376 sic
643 338 760 395 poscere
775 333 880 375 ventos

113 399 280 455 iamdudum
297 415 325 455 et
341 400 443 456 frustra
458 420 545 457 cerno
560 415 589 456 te
605 400 723 457 tendere
738 414 851 456 contra.

113 478 197 535 flecte
213 479 288 536 viam
304 479 383 537 velis.
426 502 462 537 an
478 481 514 537 sit
528 480 599 536 mihi
616 480 720 554 gratior
736 480 803 550 ulla,

112 581 205 636 quove
222 560 309 634 magis
325 560 410 617 fessas
425 577 522 636 optem
538 560 691 617 demittere
707 581 803 631 naves,

113 661 198 716 quam
214 660 286 716 quae
302 640 484 697 Dardanium
499 641 583 698 tellus
599 641 669 697 mihi
686 657 779 697 servat
793 641 934 709 Acesten,
955 671 978 707 30

113 737 142 777 et
156 721 244 796 patris
259 721 403 777 Anchisae
419 721 527 795 gremio
542 721 746 797 complectitur
761 741 822 777 ossa
832 721 858 777 ?’

112 802 182 857 haec
199 801 246 858 ubi
262 801 349 872 dicta,
365 817 470 877 petunt
485 817 592 878 portus,
609 818 637 858 et
652 801 850 870 velasecundi

112 881 271 938 intendunt
287 882 437 958 Zephyri3
459 882 550 939 fertur
565 883 621 940 cita
636 881 746 957 gurgite
762 882 868 953 classis,

113 977 142 1018 et
158 963 274 1019 tandem
290 962 357 1019 laeti
375 979 460 1019 notae
476 962 664 1020 advertuntur
679 963 813 1034 harenae.

153 1058 180 1099 at
195 1044 295 1119 procul
312 1044 425 1100 excelso
442 1043 559 1099 miratus
574 1043 681 1100 vertice
696 1043 803 1099 montis

112 1124 269 1180 adventum
284 1124 431 1201 sociasque
447 1140 520 1180 rates
535 1123 660 1181 occurrit
674 1125 804 1195 Acestes,

112 1204 243 1261 horridus
259 1204 288 1260 in
304 1204 405 1261 iaculis
421 1220 450 1261 et
464 1205 540 1280 pelle
556 1203 712 1280 Libystidis
728 1225 829 1273 ursae;

113 1284 202 1340 Tro'r'a
218 1284 344 1342 Crimiso
359 1301 534 1361 conceptum
550 1284 669 1341 flumine
684 1299 776 1340 mater

112 1386 198 1441 quem
213 1365 322 1439 genuit.
365 1380 496 1422 veterum
511 1386 570 1422 non
586 1365 728 1422 inmemor
743 1364 793 1421 ille
808 1381 965 1442 parentum

112 1460 238 1519 gratatur
253 1446 371 1503 reduces
388 1462 416 1503 et
431 1467 497 1521 gaza
513 1447 603 1503 laetus
618 1445 719 1520 agresti
955 1477 980 1512 40

113 1526 230 1602 excipit,
246 1547 277 1584 ac
294 1526 380 1583 fessos
396 1526 497 1602 opibus
513 1527 619 1583 solatur
634 1525 743 1583 amicis.

152 1623 263 1682 postera
279 1627 345 1663 cum
359 1607 453 1683 primo
468 1607 562 1664 stellas
577 1606 688 1663 oriente
704 1607 815 1680 fugarat

113 1688 188 1743 clara
203 1687 272 1757 dies,
289 1687 379 1744 socios
395 1687 426 1743 in
442 1704 558 1744 coetum
573 1687 657 1743 litore
672 1687 707 1743 ab
723 1687 804 1743 omni

114 1767 233 1824 advocat
247 1769 368 1838 Aeneas,
386 1768 549 1844 tumulique
565 1788 599 1824 ex
615 1788 714 1842 aggere
729 1768 825 1826 fatur:

94 1847 296 1904 ‘Dardanidae
312 1848 417 1922 magni,
433 1869 522 1923 genus
538 1849 596 1904 alto
611 1869 626 1904 a
642 1847 780 1921 sanguine
796 1849 905 1920 divom,

114 1949 224 1984 annuus
241 1928 346 1985 exactis
363 1930 525 2004 completur
539 1928 685 1985 mensibus
700 1928 786 1999 orbis,

114 2029 148 2064 ex
164 2030 220 2085 quo
236 2008 368 2084 reliquias
384 2009 534 2085 divinique
549 2030 609 2065 ossa
624 2008 751 2085 parentis

114 2089 294 2146 condidimus
311 2105 393 2159 terra,
409 2105 586 2166 maestasque
602 2089 772 2146 sacravimus
789 2111 860 2147 aras.

114 2169 226 2246 iamque
242 2170 311 2240 dies,
328 2169 382 2226 nisi
398 2170 490 2240 fallor,
507 2171 595 2240 adest,
608 2190 694 2246 quem
706 2190 819 2245 semper
830 2172 978 2242 acerbum,

113 2271 224 2325 semper
239 2253 420 2320 honoratum,
437 2250 476 2307 sic
493 2250 521 2306 di
537 2251 675 2319 voluistis,
692 2251 814 2308 habebo.
956 2281 981 2316 50

113 2333 189 2386 hunc
207 2352 257 2404 ego
274 2331 405 2388 Gaetulis
422 2352 533 2405 agerem
550 2331 570 2387 si
588 2330 716 2406 Syrtibus
733 2332 822 2401 exsul,

112 2411 281 2483 Argolicove
298 2411 367 2467 mari
384 2411 550 2486 deprensus,
567 2427 595 2467 et
611 2411 680 2467 urbe
696 2412 854 2486 Mycenae,

113 2512 207 2547 annua
222 2498 287 2547 vota
305 2508 400 2548 tamen
417 2493 627 2568 sollemnesque
642 2491 743 2547 ordine
758 2512 879 2567 pompas

113 2593 290 2647 exsequerer,
307 2589 503 2648 strueremque
519 2572 575 2628 suis
591 2571 690 2628 altaria
705 2572 799 2628 donis.

114 2672 190 2707 nunc
207 2653 281 2707 ultro
297 2653 332 2708 ad
348 2652 457 2709 cineres
474 2653 560 2728 ipsius
577 2668 605 2708 et
620 2673 679 2708 ossa
695 2653 831 2727 parentis,

112 2733 189 2788 haud
205 2732 339 2807 equidem
355 2733 416 2788 sine
432 2749 529 2789 mente
545 2754 616 2802 reor,
633 2733 694 2788 sine
710 2733 830 2788 numine
846 2733 957 2804 divom,

113 2813 254 2881 adsumus,
271 2828 299 2868 et
315 2830 412 2888 portus
428 2813 515 2870 delati
532 2813 671 2869 intramus
687 2812 802 2870 amicos.

114 2913 178 2966 ergo
194 2892 277 2965 agite,
295 2909 322 2948 et
338 2894 446 2950 laetum
462 2894 559 2950 cuncti
576 2894 753 2950 celebremus
769 2895 932 2962 honorem3

112 2993 260 3048 poscamus
276 2990 386 3043 ventos,
403 2990 488 3050 atque
503 2975 574 3030 haec
591 2994 636 3029 me
653 2995 729 3030 sacra
744 2974 901 3049 quotannis

113 3054 181 3109 urbe
197 3053 266 3108 velit
281 3054 373 3128 posita
390 3054 503 3129 templis
520 3053 572 3110 sibi
589 3055 663 3110 ferre
679 3054 789 3111 dicatis.
954 3074 980 3111 60

112 3133 179 3190 bina
195 3135 282 3190 boum
298 3134 377 3190 vobis
395 3134 485 3190 Troia
501 3152 651 3207 generatus
666 3136 783 3191 Acestes

350 3239 377 3285 35
396 3229 502 3272 excelso.
539 3239 567 3286 52
586 3227 701 3287 Mycenis,
