2002 3614
339 188 364 233 P.
383 187 522 234 VERGILI
543 187 701 235 MARONIS

107 316 247 391 aggeritur
262 316 374 373 tumulo
390 316 473 372 tellus
487 340 496 384 ;
517 331 594 372 stant
611 315 747 373 Manibus
763 336 824 372 arae

107 396 244 454 caeruleis
260 411 380 453 maestae
394 395 473 453 vittis
488 411 605 472 atraque
622 416 762 472 cupresso,

107 493 135 534 et
150 477 260 534 circum
276 477 380 533 Iliades
396 476 507 534 crinem
522 476 558 533 de
574 497 653 533 more
669 478 778 534 solutae
791 501 800 544 ;

107 558 256 615 inferimus
274 557 371 633 tepido
386 557 548 633 spumantia
564 557 678 632 cymbia
693 558 778 628 lacte,

107 638 251 713 sanguinis
267 653 296 694 et
311 637 381 695 sacri
396 654 516 714 pateraS,
532 638 726 729 animamque
732 639 878 714 sepulchro

108 719 257 777 condimus
274 734 302 775 et
318 739 420 793 magna
435 739 600 795 supremum
615 739 686 775 voce
701 718 818 776 ciemus.

107 799 175 856 inde
190 800 238 857 ubi
254 798 345 876 prima
361 799 429 856 fides
445 801 555 875 pelag0,
570 800 740 890 placataque
756 799 835 856 venti

107 881 177 937 dant
213 880 300 936 maria
336 895 364 936 et
397 880 470 937 lenis
506 880 649 956 crepitans
678 896 762 937 vocat
799 882 896 938 Auster
924 871 947 927 in

187 961 287 1030 altum,
931 980 949 1017 70

108 1042 256 1098 deducunt
272 1041 340 1099 socii
356 1061 442 1098 naves
458 1056 486 1098 et
502 1041 586 1098 litora
602 1042 760 1117 complent.

107 1122 292 1199 provehimur
309 1138 404 1198 portu,
421 1138 568 1198 terraeque
584 1122 723 1198 urbesque
740 1123 882 1180 recedunt.

144 1223 222 1260 sacra
237 1203 306 1260 mari
322 1203 426 1260 colitur
442 1202 536 1259 medio
551 1202 708 1277 gratissima
723 1203 809 1260 tellus

108 1283 270 1342 Nereidum
286 1283 368 1340 matri
385 1298 413 1339 et
429 1283 571 1359 Neptuno
587 1284 711 1357 Aegaeo,

108 1385 193 1442 quam
208 1364 270 1440 pius
285 1364 457 1421 Arcitenens
473 1384 534 1420 oras
551 1379 579 1420 et
594 1363 677 1420 litora
692 1363 803 1422 circum

109 1462 252 1502 errantem
269 1446 398 1520 Mycono
414 1465 428 1501 e
444 1444 519 1501 celsa
536 1444 691 1521 Gyaroque
707 1445 833 1502 revinxit

109 1526 305 1602 inmotamque
321 1525 376 1582 coli
393 1524 472 1582 dedit
488 1540 516 1582 et
532 1542 718 1582 contemnere
735 1542 845 1584 ventos.

109 1610 165 1664 huc
180 1608 264 1677 feror,
280 1607 349 1663 haec
365 1606 450 1662 fessos
466 1620 529 1663 tuto
544 1605 736 1682 placidissima
752 1622 837 1682 portu

110 1687 223 1762 accipit.
267 1686 367 1761 egressi
384 1706 555 1742 veneramur
569 1686 715 1762 Apollinis
731 1687 842 1744 urbem.

109 1789 158 1824 rex
173 1767 274 1837 Anius,
290 1787 338 1823 rex
353 1767 431 1823 idem
445 1767 598 1824 hominum
615 1766 781 1844 Phoebique
797 1768 924 1828 sacerdos,

109 1849 186 1905 vittis
202 1864 231 1905 et
246 1868 322 1905 sacra
337 1847 486 1904 redimitus
503 1863 631 1924 tempora
646 1849 725 1905 lauro
936 1853 956 1892 8¹

109 1929 242 2020 occurrit,
258 1945 384 1986 veterem
399 1927 548 1985 Anchisen
565 1928 700 2002 adgnovit
716 1928 851 1988 amicum.

109 2010 251 2084 iungimus
266 2008 389 2085 hospitio
404 2009 516 2065 dextras
533 2024 561 2065 et
577 2024 652 2065 tecta
666 2008 802 2066 subimus.

151 2091 257 2181 templa
271 2090 316 2146 dei
333 2110 399 2146 saxo
414 2090 571 2145 venerabar
585 2105 691 2146 structa
707 2105 841 2148 vetusto:

90 2173 142 2228 ‘da
157 2171 310 2248 propriam,
327 2161 521 2244 Thymbraee,
537 2170 677 2238 domum;
712 2170 747 2226 da
761 2171 875 2228 moenia
888 2160 953 2226 fessis

110 2268 138 2308 et
153 2273 240 2326 genus
257 2267 285 2308 et
300 2271 462 2308 mansuram
479 2251 600 2319 urbem,
622 2271 699 2307 serva
715 2251 803 2307 altera
820 2251 920 2308 Troiae

111 2333 253 2406 Pergama,
270 2331 402 2409 reliquias
419 2319 553 2388 Danaum
569 2348 652 2408 atque
667 2331 776 2388 inmitis
792 2331 908 2388 Achilli.

110 2433 195 2489 quem
211 2413 378 2502 sequimur?
400 2432 492 2488 quove
507 2411 547 2468 ire
562 2412 663 2482 iubes?
685 2411 732 2468 ubi
748 2433 857 2487 ponere
872 2404 956 2468 sedes?

110 2495 153 2563 da,
169 2509 257 2568 pater,
274 2492 422 2566 augurium
438 2509 521 2568 atque
537 2492 638 2549 animis
653 2492 780 2548 inlabere
796 2491 914 2550 nostris!

110 2574 156 2630 vix
173 2595 204 2630 ea
219 2575 291 2630 fatus
308 2594 405 2630 eram:
429 2589 550 2629 tremere
566 2572 662 2629 omnia
676 2573 733 2628 visa
749 2588 878 2649 repente,
937 2591 956 2631 9ε

110 2655 266 2745 liminaque
282 2654 434 2730 laurusque
449 2652 504 2723 dei,
522 2669 653 2729 totusque
669 2653 775 2709 moveri

111 2755 191 2791 mons
207 2735 315 2791 circum
331 2750 359 2790 et
375 2734 483 2808 mugire
499 2734 590 2808 adytis
606 2733 716 2790 cortina
731 2733 857 2790 reclusis

110 2815 237 2871 submissi
254 2815 377 2890 perimus
395 2831 506 2883 terram,
523 2830 551 2870 et
566 2835 620 2870 vox
637 2815 727 2870 fertur
742 2814 777 2870 ad
792 2834 890 2870 aures:

92 2895 289 2951 ‘Dardanidae
305 2894 378 2964 duri,
394 2916 466 2971 quae
483 2915 531 2950 vos
547 2916 561 2950 a
576 2894 662 2970 stirpe
678 2910 831 2969 parentum

110 2976 204 3051 prima
218 2975 284 3031 tulit
300 2975 393 3043 tellus,
410 2975 509 3030 eadem
524 2996 573 3031 vos
589 2975 674 3031 ubere
690 2974 765 3031 laeto

111 3055 232 3131 accipiet
248 3055 373 3111 reduces
417 3055 563 3130 antiquam
579 3055 717 3132 exquirite
734 3071 865 3112 matrem.

112 3136 157 3192 hic
174 3137 275 3192 domus
290 3136 406 3190 Aeneae
422 3135 532 3192 cunctis
548 3135 744 3192 dominabitur
758 3135 822 3205 oris,

299 3240 326 3287 75
347 3228 508 3288 Arquitenens.
576 3228 605 3273 82
624 3228 748 3286 adgnoscit.
