2002 3614
341 166 366 212 P.
385 165 525 213 VERGILI
543 166 698 214 MARONIS

110 296 203 353 sorbet
217 295 248 353 in
264 297 416 374 abruptum
431 296 535 354 fluctus
549 318 699 375 rursusque
715 300 767 355 sub
783 319 862 356 auras

111 377 193 450 erigit
208 376 331 434 alternos
348 393 376 434 et
391 377 482 434 sidera
497 380 625 436 verberat
641 380 727 438 unda.

110 473 136 513 at
153 456 278 532 Scyllam
295 458 386 514 caecis
401 459 518 517 cohibet
533 459 670 537 spelunca
684 461 802 517 latebris

109 559 157 593 ora
173 554 363 595 exsertantem
379 556 407 596 et
423 559 507 596 naves
521 539 552 597 in
568 561 631 597 saxa
646 542 820 600 trahentem.

109 618 201 694 prima
214 619 340 676 hominis
357 619 442 676 facies
460 636 488 677 et
502 620 625 697 pulchro
638 637 756 697 pectore
771 620 852 696 virgo

109 699 184 774 pube
200 716 291 769 tenus,
307 716 448 776 postrema
463 700 572 758 inmani
588 721 707 793 corpore
721 701 823 778 pistrix

110 779 281 855 delphinum
297 781 399 838 caudas
415 797 496 838 utero
511 782 660 838 commissa
676 783 820 856 luporum.

108 875 232 936 praestat
247 861 392 918 Trinacrii
408 878 497 919 metas
513 863 631 918 lustrare
647 861 773 937 Pachyni

109 957 275 1010 cessantem,
286 943 385 1016 longos
396 958 425 999 et
439 941 666 999 circumflectere
682 962 788 1013 cursus,
930 970 952 1008 aa

110 1042 195 1098 quam
210 1022 298 1078 semel
314 1022 469 1080 informem
484 1038 562 1079 vasto
577 1023 680 1079 vidisse
694 1024 745 1079 sub
761 1038 844 1080 antro

111 1103 236 1178 Scyllam
253 1119 281 1160 et
296 1103 434 1160 caeruleis
450 1102 567 1160 canibus
583 1102 744 1160 resonantia
758 1124 832 1161 saxa.

109 1199 262 1259 praeterea,
278 1182 299 1238 si
315 1204 370 1260 qua
386 1199 427 1240 est
443 1183 562 1241 Heleno
576 1183 736 1259 prudentia,
753 1184 810 1241 vati

111 1263 131 1320 si
147 1284 202 1340 qua
216 1263 293 1331 fides,
309 1264 438 1320 animum
455 1264 475 1320 si
492 1263 564 1320 veris
578 1264 672 1340 inplet
686 1264 806 1341 Apollo,

111 1364 201 1400 unum
216 1343 289 1400 illud
304 1344 366 1414 tibi,
383 1360 449 1400 nate
466 1344 527 1414 dea,
542 1365 651 1422 proque
666 1343 800 1400 omnibus
815 1364 905 1401 unum

110 1424 270 1500 praedicam
283 1440 311 1481 et
326 1441 459 1501 repetens
476 1424 636 1502 iterumque
651 1423 815 1502 iterumque
827 1423 945 1480 monebo

110 1505 229 1562 Iunonis
243 1525 361 1579 magnae
376 1505 501 1581 primum
516 1526 601 1582 prece
617 1524 725 1562 numen
742 1504 836 1575 adora,

111 1586 216 1643 Iunoni
232 1605 304 1642 cane
319 1602 383 1642 vota
399 1586 490 1642 libens
506 1585 710 1661 dominamque
724 1601 878 1661 potentem

111 1665 287 1742 supplicibus
302 1687 401 1743 supera
417 1665 518 1736 donis;
540 1666 579 1724 sic
596 1665 722 1743 denique
737 1665 830 1723 victor

112 1746 262 1803 Trinacria
276 1746 346 1803 fines
361 1746 448 1803 Italos
464 1747 579 1804 mittere
594 1746 704 1804 relicta.
935 1775 952 1808 ⁴4

111 1830 167 1884 huc
184 1827 231 1883 ubi
248 1827 359 1884 delatus
377 1828 536 1884 Cumaeam
552 1827 701 1885 accesseris
717 1827 818 1884 urbem

111 1908 280 1984 divinosque
296 1908 373 1965 lacus
390 1924 418 1965 et
433 1909 548 1965 Averna
563 1908 693 1965 sonantia
709 1907 796 1978 silvis,

111 1989 241 2045 insanam
256 2005 351 2045 vatem
368 1989 496 2065 aspicies,
513 2010 586 2066 quae
602 2009 672 2064 rupe
688 1989 738 2044 sub
754 1988 813 2045 ima

112 2070 169 2126 fata
185 2069 263 2126 canit
279 2069 413 2145 foliisque
431 2086 511 2126 notas
529 2086 557 2126 et
572 2069 690 2126 nomina
705 2069 834 2127 mandat.

111 2170 309 2227 quaecumque
325 2149 355 2206 in
372 2149 448 2207 foliis
466 2149 615 2227 descripsit
630 2149 757 2206 carmina
771 2149 861 2223 virgo,

112 2231 215 2304 digerit
230 2231 261 2287 in
277 2250 430 2287 numerum
448 2246 534 2307 atque
550 2246 632 2287 antro
647 2230 756 2286 seclusa
771 2229 920 2306 relinquit.

112 2311 161 2368 illa
178 2328 297 2369 manent
312 2311 421 2368 inmota
440 2312 509 2368 locis
526 2331 620 2388 neque
635 2310 670 2367 ab
685 2309 787 2366 ordine
803 2309 920 2366 cedunt.

112 2413 211 2448 verum
228 2393 337 2463 eadem,
353 2412 434 2450 verso
452 2392 546 2449 tenuis
561 2411 627 2449 cum
642 2389 760 2448 cardine
774 2405 879 2447 ventus

113 2472 220 2548 inpulit
236 2488 264 2529 et
280 2489 391 2530 teneras
408 2473 532 2529 turbavit
546 2471 631 2529 ianua
649 2469 775 2541 frondes,

113 2574 270 2631 numquam
285 2554 392 2610 deinde
408 2574 477 2610 cavo
492 2551 642 2609 volitantia
655 2551 800 2628 prendere
816 2572 884 2608 saxo
937 2577 952 2613 a

114 2654 166 2690 nec
183 2654 317 2691 revocare
332 2634 401 2690 situs
418 2650 466 2690 aut
481 2633 598 2707 iungere
614 2632 741 2689 carmina
756 2647 860 2689 curat:

113 2714 269 2771 inconsulti
286 2715 392 2771 abeunt
408 2714 563 2791 sedemque
578 2712 664 2771 odere
681 2713 819 2788 Sibyllae.

113 2795 159 2852 hic
177 2795 228 2852 tibi
247 2816 283 2852 ne
299 2816 354 2873 qua
370 2816 464 2852 morae
480 2794 589 2852 fuerint
604 2793 754 2870 dispendia
771 2793 855 2862 tanti,

113 2876 241 2952 quamvis
258 2876 435 2952 increpitent
451 2875 520 2932 socii
538 2892 566 2932 et
581 2875 608 2931 vi
625 2895 721 2931 cursus
738 2873 768 2930 in
785 2873 876 2930 altum

113 2957 177 3013 vela
192 2973 275 3013 vocet
291 2957 437 3033 possisque
452 2955 529 3013 sinus
544 2955 657 3032 inplere
672 2954 822 3024 secundos,

114 3037 183 3113 quin
200 3037 282 3094 adeas
299 3053 393 3093 vatem
409 3036 600 3112 precibusque
616 3035 729 3092 oracula
744 3054 843 3110 poscas
888 3068 893 3075 ·

115 3117 173 3192 ipsa
190 3133 274 3173 canat
290 3137 448 3193 vocemque
463 3117 563 3173 volens
579 3133 664 3193 atque
680 3137 728 3172 ora
744 3115 877 3172 resolvat.

115 3196 164 3253 illa
182 3197 232 3254 tibi
250 3197 350 3254 Italiae
365 3197 487 3273 populos
503 3213 681 3273 venturaque
697 3195 783 3264 bella,
