2002 3614
308 112 474 162 AENEIDOS
492 114 554 162 LIB.
571 113 610 162 111

79 258 101 298 et
112 242 162 300 salis
174 242 293 301 Ausonii
309 243 490 300 lustrandum
505 244 625 301 navibus
640 265 746 320 aequor

78 321 214 400 infernique
230 325 309 381 lacus
323 325 494 400 Aeaeaeque
509 324 602 381 insula
618 323 729 394 Circae,

79 422 144 476 quam
157 420 212 461 tuta
226 405 313 480 possis
329 405 429 461 urbem
445 425 620 480 componere
636 420 716 463 terra.

80 481 139 555 signa
150 485 196 542 tibi
210 485 316 555 dicam,
333 501 363 542 tu
378 485 496 542 condita
512 501 609 542 mente
626 501 745 542 teneto:

80 581 130 619 cum
141 565 186 622 tibi
201 565 327 623 sollicito
342 565 443 623 secreti
459 565 494 622 ad
509 565 636 622 fluminis
652 567 757 622 undam

80 641 164 702 litoreis
177 646 274 721 ingens
290 646 409 703 inventa
424 646 476 703 sub
492 646 606 703 ilicibus
621 667 664 702 sus
876 675 914 715 390

80 723 171 798 triginta
185 727 312 802 capitum
328 727 402 784 fetus
419 727 503 783 enixa
519 726 633 797 iacebit,

80 803 133 876 alba,
145 808 199 864 solo
213 808 361 877 recubans,
378 807 435 864 albi
451 807 561 864 circum
578 808 665 864 ubera
680 807 750 877 nati,

80 882 96 939 is
107 886 170 944 locus
184 887 259 946 urbis
275 887 337 958 erit,
354 888 465 964 requies
482 909 514 944 ea
528 904 606 945 certa
622 888 759 945 laborum.

81 983 120 1021 nec
132 981 157 1024 tu
170 988 331 1025 mensarum
347 988 455 1025 morsus
470 969 602 1026 horresce
618 969 726 1024 futuros
741 990 747 1025 :

80 1043 122 1102 fata
134 1047 201 1106 viam
216 1048 369 1106 invenient
384 1048 532 1125 aderitque
548 1065 664 1106 vocatus
678 1048 795 1125 Apollo·

79 1125 115 1182 has
126 1145 212 1186 autern
228 1145 314 1186 terras
330 1129 454 1206 Italique
469 1131 544 1187 hanc
561 1129 652 1187 litoris
667 1149 754 1199 oram,

79 1208 181 1278 proxima
194 1231 266 1286 quae
282 1209 370 1266 nostri
386 1209 570 1285 perfunditur
585 1210 714 1287 aequoris
730 1224 816 1279 aestu,

80 1285 167 1362 effuge:
187 1306 293 1348 cuncta
307 1289 389 1347 malis
404 1290 570 1348 habitantur
584 1290 699 1347 moenia
715 1289 807 1347 Grais.

79 1364 112 1422 hic
125 1386 147 1426 et
160 1370 277 1447 Narycii
292 1388 447 1447 posuerunt
462 1370 577 1428 moenia
591 1370 676 1428 Locri

79 1460 100 1501 et
110 1447 268 1508 Sallentinos
283 1451 395 1509 obsedit
410 1451 503 1509 milite
519 1472 633 1528 campos
840 1499 843 1506 .
875 1481 912 1517 400

80 1523 171 1600 Lyctius
184 1531 380 1589 Idomeneus:
402 1532 450 1589 hic
466 1532 612 1613 illalducis
628 1531 769 1588 Meliboei

79 1625 141 1679 parva
154 1611 332 1670 Philoctetae
347 1612 468 1669 subnixa
483 1612 593 1670 Petelia
608 1632 700 1670 muro.

79 1688 129 1761 quin
141 1692 184 1749 ubi
201 1692 379 1750 transmissae
394 1692 526 1751 steterint
542 1709 616 1750 trans
632 1713 752 1770 aequora
767 1693 876 1762 classes,

79 1784 99 1824 et
108 1772 192 1846 positis
208 1773 259 1830 aris
275 1772 331 1830 iam
346 1789 412 1830 vota
426 1773 457 1830 in
472 1773 556 1831 litore
572 1774 672 1843 solves,

77 1868 192 1928 purpureo
206 1854 300 1911 velare
317 1873 412 1910 comas
427 1854 577 1931 adopertus
585 1854 709 1924 amictu,

77 1947 160 2009 nequa
173 1935 248 1993 inter
263 1950 375 1991 sanctos
391 1934 470 2008 ignes
484 1934 514 1990 in
529 1936 639 1992 honore
654 1936 771 1992 deorum

76 2009 162 2072 hostilis
176 2016 263 2073 facies
279 2031 410 2072 occurrat
426 2030 454 2071 et
468 2015 565 2071 omina
581 2015 686 2072 turbet.

75 2089 132 2151 hunc
147 2097 211 2153 socii
228 2115 337 2152 morem
354 2115 506 2165 sacrorum,
521 2097 599 2152 hunc
615 2095 676 2171 ipse
692 2110 798 2164 tenet0,

74 2170 113 2229 hac
126 2176 188 2233 casti
204 2191 342 2233 maneant
356 2175 387 2231 in
403 2176 542 2250 religione
558 2192 684 2251 nepotes.
772 2239 774 2244 ,

74 2267 105 2307 ast
115 2256 157 2313 ubi
171 2257 327 2332 digressum
344 2256 457 2313 Siculae
473 2272 501 2313 te
517 2255 676 2312 admoverit
692 2276 756 2312 orae
875 2285 911 2320 410

73 2351 161 2408 ventus,
177 2354 204 2395 et
220 2336 330 2411 angusti
347 2354 490 2394 rarescent
505 2338 625 2394 claustra
641 2335 744 2406 Pelori,

73 2411 134 2473 laeva
147 2417 196 2475 tibi
212 2418 298 2475 tellus
314 2432 342 2472 et
358 2417 443 2491 longo
459 2417 537 2474 laeva
551 2433 686 2493 petantur

72 2512 169 2571 aequora
183 2497 326 2566 circuitu,
348 2497 482 2554 dextrum
498 2498 564 2572 fuge
581 2498 648 2554 litus
663 2513 690 2554 et
706 2497 805 2554 undas.

72 2572 126 2633 haec
140 2578 199 2636 loca
214 2578 242 2636 vi
259 2578 405 2655 quondam
422 2594 450 2635 et
465 2594 541 2635 vasta
558 2579 694 2635 convulsa
708 2577 831 2634 ruina-

73 2667 162 2716 tantum
176 2660 237 2716 aevi
254 2658 409 2735 longinqua
424 2660 500 2717 valet
515 2674 624 2715 mutare
640 2674 805 2715 vetustas-

72 2731 201 2797 dissiluisse
216 2740 325 2809 ferunt,
341 2751 408 2796 cum
423 2740 552 2815 protinus
568 2754 686 2815 utraque
702 2740 786 2796 tellus

74 2831 115 2872 una
126 2819 214 2879 foret:
236 2820 318 2877 venit
332 2820 429 2876 medio
444 2821 470 2876 vi
486 2835 590 2896 pontus
607 2835 634 2876 et
650 2820 732 2876 undis

75 2891 223 2974 Hesperium
240 2900 338 2958 Siculo
353 2900 426 2957 latus
442 2900 573 2970 abscidit,
589 2921 709 2976 arvaque
726 2917 754 2956 et
770 2901 852 2956 urbes

75 2971 138 3035 litore
151 2982 278 3044 diductas
293 2997 411 3055 angusto
426 2981 558 3038 interluit
573 2997 660 3037 aestu.

75 3051 180 3119 dextrum
197 3063 293 3139 Scylla
309 3062 390 3131 latus,
406 3063 520 3118 laevum
536 3061 679 3137 inplacata
695 3060 855 3136 Charybdis
873 3087 911 3124 4²⁰

76 3134 169 3213 obsidet,
185 3161 270 3219 atque
282 3144 343 3199 imo
358 3143 481 3200 barathri
499 3160 541 3202 ter
555 3142 668 3221 gurgite
684 3160 780 3202 vastos
