2002 3614
78 192 122 228 122
343 181 368 229 P.
386 181 528 233 VERGILI
546 182 702 231 MARONIS

116 310 164 386 qui
180 311 239 366 fore
256 326 284 366 te
299 325 388 387 ponto
403 310 580 369 ineolumem
595 312 723 388 finesque
739 313 861 369 canebat

116 406 268 447 venturum
283 391 437 450 Ausonios.
479 413 515 450 en
530 394 600 451 haec
615 393 752 469 promissa
768 392 838 449 fides
854 393 931 450 est?'

116 471 165 528 ille
181 488 295 529 autem:
319 478 427 549 ‘neque
443 488 471 530 te
488 473 597 530 Phoebi
613 473 723 531 cortina
738 473 854 544 fefellit,

115 552 172 608 dux
187 552 372 623 Anchisiade,
389 574 441 611 nec
458 575 503 611 me
519 555 587 611 deus
603 575 725 630 aequore
740 554 849 611 mersit.

115 652 239 709 namque
254 634 469 708 gubernaclum,
486 636 577 692 multa
592 656 619 691 vr
612 634 707 692 'forte
722 635 880 703 revulsum,

115 733 161 770 cur
154 713 259 770 'datus
274 715 425 771 haerebam
441 731 535 773 custos
551 736 705 806 cursusque
720 715 863 805 regebam,
942 744 984 783 3⁵0

115 794 304 871 praecipitans
319 795 390 852 traxi
406 815 529 854 mecum
573 795 660 853 maria
675 816 771 886 aspera
786 795 849 851 iuro
886 806 890 813 ‘

115 894 173 931 non
189 876 281 932 ullum
295 896 347 952 pro
363 896 409 932 me
425 891 536 933 tantum
552 876 659 952 cepisse
675 876 816 946 timorem,

115 976 201 1032 quam
217 972 264 1012 tua
280 976 325 1026 ne,
330 955 462 1048 spoliata
477 956 570 1026 armis,
588 977 704 1014 excussa
720 955 864 1029 magistr0,

115 1035 249 1093 deficeret
265 1036 351 1093 tantis
367 1037 445 1093 navis
460 1036 640 1111 surgentibus
656 1036 749 1094 undis

92 1114 170 1173 tres
185 1117 280 1173 Notus
296 1117 452 1174 hibernas
445 1138 575 1174 inmensa
588 1138 640 1192 per
654 1137 776 1194 aequora
792 1132 892 1174 noctes
940 1142 960 1178 s

115 1197 193 1254 vexit
208 1216 254 1253 me
269 1197 411 1255 violentus
427 1218 521 1274 aqua;
542 1197 590 1253 vix
606 1197 715 1254 lumine
729 1212 832 1273 quarto

83 1298 246 1354 „prospexi
239 1277 377 1335 Italiam
392 1298 503 1335 summa
518 1277 647 1335 sublimis
663 1279 697 1335 ab
713 1277 798 1334 unda.
856 1295 860 1306 ·

115 1358 255 1434 paulatim
270 1357 410 1416 adnabam
426 1374 515 1416 terrae
529 1383 538 1428 ;
559 1358 616 1415 iam
632 1374 692 1415 tuta
708 1358 853 1428 tenebam,

116 1437 145 1496 ni
160 1459 228 1514 gens
243 1438 366 1496 crudelis
381 1438 493 1496 madida
509 1459 575 1496 cum
591 1455 669 1496 veste
683 1454 829 1513 gravatum

115 1535 355 1611 prensantemque
371 1519 452 1577 uncis
467 1519 599 1576 manibus
615 1519 708 1596 capita
724 1539 820 1596 aspera
836 1519 945 1576 montis

116 1599 212 1656 ferro'
205 1599 361 1671 invasisset,
376 1599 592 1677 praedamque
585 1619 681 1673 lgnara
695 1614 832 1676 putasset
940 1618 978 1667 361

90 1700 193 1758 June
209 1701 255 1737 me
270 1679 373 1738 lluctus
387 1681 484 1751 habet,
500 1696 671 1757 versantque
686 1679 716 1736 in
732 1679 815 1736 litore
830 1679 921 1738 venti.

116 1761 193 1837 quod
209 1776 236 1817 te
250 1782 301 1836 per
315 1760 387 1818 caeli
403 1726 562 1818 iucuitdum
577 1761 676 1818 lumen
692 1776 720 1817 et
735 1780 824 1830 auras,

116 1862 167 1918 per
180 1841 339 1916 genitorem
353 1862 412 1912 oro,
428 1861 479 1918 per
493 1862 555 1918 spes
571 1841 709 1915 surgentis
724 1840 791 1911 Iuli,

117 1922 195 1999 eripe
211 1943 256 1978 me
271 1921 346 1993 his,'
339 1922 458 1991 invicte,
473 1921 571 1979 malis:
594 1937 642 1979 aut
658 1937 687 1979 tu
703 1921 774 1978 mihi
790 1937 895 1979 terram

117 2003 203 2071 inice,
218 2023 341 2079 namque
356 2018 446 2094 potes,
462 2017 619 2078 portusque
634 2001 746 2078 require
762 2002 907 2072 Velin0s;

117 2100 164 2141 aut
179 2100 218 2153 tu,
234 2083 254 2140 si
270 2105 326 2160 qua
340 2083 385 2140 via
401 2099 451 2153 est,
468 2082 488 2139 si
504 2103 590 2160 quam
607 2082 657 2140 tibi
674 2082 738 2139 diva
753 2082 875 2139 creatrix

117 2165 375 2240 ostendit-neque
391 2163 477 2234 enim,
494 2163 664 2234 cred0,'s1ne
680 2162 798 2219 numine
813 2162 912 2219 divom

117 2244 235 2301 flumina
250 2260 327 2301 tanta
342 2265 421 2320 paras
438 2243 645 2320 Stygiamque
638 2264 737 2300 rnnare
752 2242 931 2318 paludem-

117 2326 152 2381 da
167 2326 296 2382 dextram
311 2325 422 2395 misero,
439 2341 468 2382 et
484 2340 580 2382 tecum
597 2345 642 2381 me
659 2325 728 2381 tolle
743 2345 793 2399 per
808 2323 918 2392 undas;
939 2353 979 2390 370

117 2405 228 2462 sedibus
244 2422 276 2462 ut
291 2407 390 2463 saltem
405 2405 524 2482 placidis
539 2405 568 2461 in
584 2421 675 2462 morte
690 2402 857 2481 quiescam.’

118 2486 184 2542 talia
199 2487 272 2543 fatus
287 2503 355 2556 erat,
372 2487 467 2562 coepit
481 2507 547 2544 cum
563 2485 630 2542 talia
645 2503 739 2542 vates:

99 2567 193 2623 ‘unde
208 2569 289 2636 haec,
304 2589 320 2623 o
338 2568 481 2637 Palinure,
497 2566 548 2623 tibi
565 2582 623 2623 tam
638 2566 699 2622 dira
714 2565 841 2641 cupido?

118 2663 147 2703 tu
164 2647 271 2722 Stygias
287 2647 451 2706 inhumatus
467 2668 551 2724 aquas
567 2667 739 2723 amnemque
754 2667 884 2703 severum

118 2728 313 2785 Eumenidum
328 2728 454 2804 aspicies,
470 2728 596 2803 ripamve
611 2727 731 2784 iniussus
746 2726 856 2783 adibis?

118 2807 215 2864 desine
230 2809 288 2864 fata
303 2809 390 2866 deum
406 2808 482 2866 flecti
498 2829 608 2884 sperare
623 2807 775 2885 precando.

118 2889 167 2946 sed
182 2910 251 2964 cape
266 2889 343 2946 dicta
358 2911 477 2960 memor,
493 2888 556 2946 duri
571 2889 675 2945 solacia
689 2909 767 2945 casus
783 2910 789 2945 :

119 2990 184 3026 nam
201 2986 249 3026 tua
265 2969 388 3040 finitimi,
405 2971 488 3044 longe
505 2969 619 3045 lateque
635 2990 683 3044 per
698 2969 779 3025 urbes

118 3051 251 3126 prodigiis
267 3050 321 3107 acti
337 3050 513 3119 caelestibus,
529 3070 589 3105 ossa
605 3049 732 3125 piabunt,

119 3149 146 3189 et
162 3148 288 3188 statuent
303 3133 456 3201 tumulum,
473 3147 501 3186 et
516 3131 629 3186 tumulo
644 3129 794 3186 sollemnia
809 3130 935 3200 mittent,

120 3229 325 3288 aeternumque
341 3212 419 3269 locus
437 3209 563 3267 Palinuri
579 3230 685 3266 nomen
700 3210 836 3267 habebit.'
940 3229 976 3276 381
