2002 3614
340 215 366 264 Ρ.
385 213 525 263 VERGILI
545 213 700 262 Mauortis

104 346 167 402 vela
183 345 299 415 cadunt,
316 345 399 401 remis
414 344 593 418 insurgimus,
608 344 684 401 haud
699 364 788 415 mora,
805 362 911 404 nautae

105 425 202 482 adnixi
218 441 353 502 torquent
368 445 479 501 spumas
496 440 524 481 et
539 425 651 482 caerula
666 441 795 483 verrunt.

145 522 287 563 servatum
298 527 333 562 ex
345 505 428 562 undis
441 505 635 581 Strophadum
647 526 693 562 me
703 506 788 564 litora
797 507 924 583 primum

105 586 262 663 excipiunt.
307 586 479 662 Strophades
496 585 586 642 Graio
601 601 675 642 stant
690 587 808 644 nomine
824 588 927 660 dictae,
938 620 952 644 2*

104 667 212 724 insulae
228 667 312 724 Ionio
328 667 358 722 in
374 686 485 740 magno,
502 687 569 742 quas
583 666 645 722 dira
660 667 789 724 Celaeno

106 747 309 825 Harpyiaeque
325 748 426 804 colunt
442 747 522 817 aliae,
539 746 658 803 Phineia
672 763 825 824 postquam

105 829 198 885 clausa
212 829 313 885 domus
328 847 495 904 mensasque
511 842 589 884 metu
605 827 714 904 liquere
728 829 850 905 priores.

106 908 212 971 tristius
227 909 304 965 haud
320 909 376 965 illis
393 924 565 978 monstrum,
582 928 635 964 nec
652 908 761 965 saevior
776 911 838 966 ulla

105 989 191 1066 pestis
208 989 291 1046 etita
307 989 394 1046 deum
413 989 516 1064 Stygiis
533 1009 592 1044 sese
608 989 713 1045 extulit
729 990 826 1048 undis.

105 1070 225 1144 virginei
240 1070 393 1127 volucrum
409 1069 514 1139 vultus,
531 1069 694 1126 foedissima
709 1071 820 1128 ventris

105 1151 258 1227 proluvies,
274 1170 426 1226 uncaeque
442 1169 543 1206 manus
560 1165 588 1205 et
602 1149 709 1225 pallida
725 1170 841 1227 semper

106 1252 154 1288 ora
169 1232 255 1289 fame.

105 1314 162 1368 huc
178 1312 226 1369 ubi
242 1312 330 1368 delati
347 1326 446 1387 portus
462 1310 640 1380 intravimus,
657 1331 725 1368 ecce

106 1393 180 1449 laeta
195 1392 282 1449 boum
297 1391 403 1468 passim
419 1391 528 1467 campis
543 1407 672 1447 armenta
687 1391 820 1449 videmus
938 1423 952 1448 2:

106 1473 349 1549 caprigenumque
366 1492 455 1548 pecus
471 1472 554 1528 nullo
569 1471 687 1528 custode
702 1493 755 1548 per
768 1473 883 1532 herbas.

106 1553 245 1610 inruimus
260 1554 346 1623 ferro,
364 1569 392 1610 et
409 1551 514 1608 divos
506 1572 657 1628 ipsumque
672 1572 808 1610 vocamus

106 1634 136 1690 in
151 1649 262 1710 partem
278 1632 475 1709 praedamque
492 1634 613 1690 lovem:
636 1647 697 1689 tum
713 1633 799 1690 litore
815 1655 904 1692 curvo

108 1714 335 1790 exstruimusque
352 1729 428 1770 toros
444 1713 622 1789 dapibusque
638 1714 789 1789 epulamur
804 1715 918 1791 opimis.

107 1812 135 1851 at
151 1794 260 1852 subitae
275 1794 411 1851 horrifico
428 1794 509 1869 lapsu
526 1794 562 1850 de
578 1793 723 1850 montibus
739 1794 846 1852 adsunt

108 1875 254 1952 Harpyiae
271 1890 299 1931 et
315 1873 424 1949 magnis
441 1873 577 1950 quatiunt
592 1874 773 1948 clangoribus
788 1876 856 1947 alas,

107 1956 306 2032 diripiuntque
321 1956 408 2031 dapes
426 1969 620 2031 contactuque
636 1954 732 2011 omnia
749 1955 871 2013 foedant

107 2037 270 2105 inmundo;
293 2052 353 2092 tum
370 2057 424 2091 vox
441 2050 565 2091 taetrum
581 2034 641 2091 dira
657 2035 733 2091 inter
747 2036 878 2094 odorem.

107 2139 217 2175 rursum
233 2117 263 2173 in
279 2137 389 2173 secessu
406 2116 492 2190 longo
509 2116 560 2172 sub
575 2137 645 2191 rupe
661 2131 759 2172 cavata

108 2199 251 2255 arboribus
267 2199 362 2254 clausa
378 2196 487 2253 circum
504 2212 589 2273 atque
604 2196 787 2253 horrentibus
804 2199 913 2255 umbris
937 2228 952 2263 22

108 2279 273 2335 instruimus
290 2298 400 2334 mensas
417 2276 528 2352 arisque
544 2276 708 2352 reponimus
724 2276 844 2350 ignem:

108 2380 218 2416 rursum
234 2380 268 2415 ex
283 2358 395 2415 diverso
412 2357 484 2414 caeli
502 2357 651 2432 caecisque
667 2356 782 2413 latebris

109 2441 190 2496 turba
206 2460 308 2495 sonans
322 2438 459 2515 praedam
474 2437 596 2512 pedibus
612 2438 801 2494 circumvolat
817 2439 910 2510 uncis,

108 2520 214 2596 polluit
229 2540 277 2575 ore
293 2519 388 2594 dapes.
433 2518 514 2574 sociis
532 2533 601 2574 tune
617 2539 693 2574 arma
709 2536 859 2594 capessant

110 2601 201 2671 edico,
218 2616 246 2656 et
261 2599 322 2656 dira
337 2599 449 2655 bellum
465 2619 530 2655 cum
546 2615 633 2672 gente
648 2599 817 2672 gerendum.

109 2681 185 2737 haud
200 2701 280 2737 secus
295 2700 326 2735 ac
343 2679 408 2735 iussi
402 2679 546 2750 faciunt,
563 2694 711 2756 tectosque
725 2700 778 2755 per
792 2680 913 2737 herbam

109 2761 267 2836 disponunt
283 2781 363 2816 enses
381 2774 409 2815 et
424 2775 503 2816 scuta
519 2759 639 2816 latentia
655 2760 796 2817 condunt.

111 2862 175 2915 ergo
192 2841 239 2898 ubi
255 2841 389 2916 delapsae
405 2840 532 2897 sonitum
547 2861 598 2915 per
613 2861 697 2896 curva
713 2840 821 2897 dedere

110 2922 202 2992 litora,
219 2920 304 2977 dat
284 2940 396 2994 stgnum
412 2921 537 3010 specula
545 2921 677 2976 Misenus
693 2920 728 2976 ab
743 2921 801 2977 alta

110 3022 174 3059 aere
190 3023 269 3058 cavo.
312 3001 455 3056 invadunt
470 3000 538 3056 socii
556 3016 584 3056 et
599 3021 672 3056 nova
687 3001 796 3076 proelia
813 3017 952 3077 temptant

110 3083 246 3139 obscenas
262 3081 355 3157 pelagi
372 3081 446 3136 ferro
462 3081 577 3136 foedare
592 3081 732 3138 volucres.
936 3111 952 3135 22

111 3163 159 3219 sed
176 3183 270 3239 neque
285 3161 345 3217 vim
359 3160 464 3236 plumis
480 3161 569 3216 ullam
586 3180 639 3217 nec
654 3161 774 3217 vulnera
791 3178 869 3236 tergo

239 3267 285 3314 209
303 3253 382 3313 prima.
418 3265 464 3298 210
482 3252 602 3311 accipiunt.
638 3266 684 3312 230
702 3255 811 3301 clausam.
