2002 3614
323 112 488 159 taurinos
507 112 568 159 ιιιι.
587 112 624 158 vt
881 124 922 170 131

43 255 129 313 quos
148 240 371 298 circumfusos
350 261 390 298 stc
406 256 447 298 est
463 241 553 298 adfata
570 241 686 317 Sibylla,

43 314 219 380 Musaeum
235 337 300 378 ante
315 322 582 378 omnes-medium
598 343 663 379 nam
679 322 801 398 plurima
816 321 897 379 turba

38 396 137 461 hunc
155 403 253 472 habet,
269 418 354 479 atque
369 402 474 460 umeris
489 417 646 460 exstantem
661 402 779 478 suspicit
794 402 898 459 altis-

10 477 157 552 ‘dicite,
174 482 274 539 felices
290 483 411 553 animae,
427 485 525 560 tuque,
541 483 648 560 optime
662 500 756 541 vates:

36 583 129 640 quae
144 563 225 637 regio
236 564 383 620 Anchisen
386 564 468 641 ,quis
481 564 565 622 habet
581 565 679 622 locus?
720 563 797 620 illius
810 584 874 638 ergo
889 582 928 631 670

34 645 204 714 venimus,
220 659 249 701 et
264 664 377 718 magnos
393 646 479 703 Erebi
496 645 667 702 tranavimus
682 643 797 702 amnes)

10 743 144 828 atque
160 724 232 782 huic
249 745 414 801 responsum
430 726 551 803 paucis
544 742 582 784 1ta
597 726 719 783 reddidit
735 728 832 782 heros:

10 803 132 865 ‘nulli
151 820 234 862 certa
249 805 372 876 domus3
394 807 466 864 lueis
481 807 642 864 habitamus
649 806 762 898 opacis,

34 888 248 965 riparumque
264 901 337 943 toros
353 902 381 943 et
393 901 476 964 prata
492 888 619 945 recentia
633 887 699 943 rivis

33 966 230 1026 incolimus.
272 967 322 1024 sed
336 986 401 1038 vos,
410 989 433 1025 s1
425 968 526 1024 ''fert
520 984 559 1025 1ta
574 968 658 1025 corde
673 967 815 1060 voluntas,

34 1048 108 1106 hoc
128 1061 267 1123 superate
282 1047 399 1122 iugum;
421 1064 449 1105 et
464 1048 566 1106 facili
559 1069 616 1105 ram
632 1048 745 1105 tramite
760 1046 873 1106 sistam?

34 1129 143 1198 dixit,
161 1143 194 1184 et
209 1142 276 1185 ante
292 1128 359 1185 tulit
374 1149 508 1203 gressum,
524 1150 696 1205 camposque
712 1129 837 1185 nitentes

36 1210 188 1285 desuper
203 1223 348 1279 ostentat;
369 1209 475 1267 dehinc
488 1231 598 1266 summa
613 1209 763 1267 cacumina
779 1209 925 1285 linquunt.

93 1306 128 1348 at
145 1303 231 1366 pater
245 1289 386 1346 Anchises
401 1290 516 1366 penitus
532 1290 663 1347 convalle
678 1290 782 1346 virenti

38 1370 190 1429 inclusas
206 1370 313 1427 animas
329 1391 520 1448 superumque
536 1370 571 1426 ad
587 1370 686 1426 lumen
701 1370 787 1427 ituras
890 1387 928 1425 680

40 1451 204 1510 lustrabat
219 1449 314 1508 studio
329 1451 467 1521 recolens,
483 1470 657 1527 omnemque
673 1471 787 1507 suorum

44 1535 135 1590 forte
151 1531 321 1588 recensebat
336 1551 488 1588 numerum
502 1552 638 1608 carosque
653 1546 781 1606 nepotes,

45 1616 182 1689 fataque
197 1611 382 1689 fortunasque
397 1611 489 1668 virum
505 1632 653 1688 moresque
668 1631 834 1687 manusque.

47 1693 144 1771 isque
160 1691 212 1748 ubi
228 1691 398 1750 tendentem
413 1692 561 1749 adversum
576 1712 627 1768 per
641 1691 767 1765 gramina
781 1691 854 1748 vidit

49 1778 196 1842 Aenean,
212 1772 311 1829 alacris
325 1773 434 1849 palmas
449 1787 582 1850 utrasque
598 1772 731 1842 tetendit,

54 1856 231 1930 effusaeque
245 1852 482 1928 genis'lacrimae,
499 1868 527 1909 et
542 1873 596 1910 vox
613 1852 720 1909 excidit
735 1872 781 1908 ore
797 1874 803 1908 ι

33 1933 169 1993 ‘venisti
186 1934 312 2004 tandem,
328 1949 435 2011 tuaque
450 1949 612 2010 exspectata
627 1933 738 2009 parenti

56 2016 134 2073 vicit
148 2015 205 2071 iter
220 2014 323 2071 durum
337 2014 447 2090 pietas?
468 2014 551 2071 datur
566 2035 613 2071 ora
629 2013 711 2083 tueri,

61 2111 141 2165 nate,
158 2110 217 2164 tua,
235 2109 263 2151 et
278 2109 359 2151 notas
375 2094 472 2151 audire
488 2111 516 2151 et
531 2094 648 2151 reddere
662 2097 765 2151 voees?

61 2176 101 2233 sic
120 2175 258 2252 equidem
273 2175 414 2233 ducebam
431 2175 527 2232 animo
541 2176 680 2252 rebarque
696 2175 824 2231 futurum
890 2192 928 2241 690

60 2272 195 2332 tempora
210 2255 403 2326 dinumerans,
420 2276 473 2313 nec
490 2276 535 2312 me
550 2276 613 2312 mea
628 2276 694 2312 cura
710 2254 825 2312 fefellit.

65 2357 134 2412 quas
150 2356 203 2409 ego
219 2351 247 2391 te
263 2351 347 2392 terras
364 2351 392 2392 et
407 2352 513 2413 quanta
529 2357 579 2412 per
594 2357 714 2413 aequora
729 2350 845 2392 vectum

66 2416 195 2492 accipio!
219 2416 332 2493 quantis
348 2416 495 2487 iactatum,
512 2432 588 2486 nate,
602 2416 733 2492 periclis!
914 2420 917 2426 '

66 2517 152 2572 quam
168 2496 269 2566 metui,
285 2496 406 2573 nequid
422 2496 529 2571 Libyae
547 2496 598 2553 tibi
615 2517 700 2570 regna
715 2495 883 2554 nocerentl’

67 2577 116 2633 ille
132 2591 249 2634 autem:
272 2581 335 2634 ‘tua
350 2597 405 2647 me,
421 2577 541 2651 genitor,
559 2593 606 2634 tua
622 2577 707 2634 tristis
722 2577 824 2651 imago,

68 2657 178 2733 saepius
193 2677 355 2727 occurrens,
371 2659 441 2714 haec
457 2658 558 2714 limina
575 2658 692 2714 tendere
708 2658 811 2731 adegit.

68 2753 142 2794 stant
158 2737 217 2794 sale
233 2737 385 2812 Tyrrheno
401 2738 512 2796 classes.
555 2738 590 2795 da
606 2738 722 2812 iungere
737 2739 877 2808 dextram,

67 2818 110 2887 da,
125 2817 240 2892 genitor
250 2842 258 2886 ;
280 2833 366 2894 teque
381 2819 515 2894 amplexu
532 2839 567 2875 ne
583 2820 716 2875 subtrahe
732 2817 846 2875 nostro.'

67 2898 105 2954 sic
121 2919 284 2955 memorans
300 2898 375 2972 largo
391 2897 460 2955 fletu
476 2899 560 2955 simul
576 2920 624 2956 ora
639 2899 755 2973 rigabat.

68 2993 108 3034 ter
122 2994 244 3036 conatus
260 2978 299 3034 ibi
315 2979 390 3034 collo
406 2978 471 3035 dare
487 2979 619 3036 bracchia
635 2980 760 3036 circum:
891 3005 928 3043 700

68 3074 108 3115 ter
123 3060 228 3115 frustra
244 3079 409 3134 comprensa
425 3080 525 3116 manus
541 3060 641 3133 effugit
655 3061 756 3134 imago,

67 3160 113 3216 par
128 3139 242 3197 levibus
257 3138 349 3196 ventis
364 3140 532 3217 volucrique
547 3141 693 3196 simillima
709 3160 817 3196 somno.
