2002 3614
332 193 499 245 astismos
516 195 579 246 LIB.
596 199 622 244 V
897 207 941 255 107

78 324 225 402 quidquid
239 325 303 397 erit,
318 325 478 402 superanda
492 326 585 384 omnis
600 326 716 384 fortuna
731 324 852 383 ferendo
866 339 918 381 est.

79 421 125 464 est
139 405 192 463 tibi
206 406 369 463 Dardanius
384 406 499 464 divinae
514 406 608 484 stirpis
621 408 757 464 Acestes:
907 435 942 472 711

78 489 161 544 hunc
177 506 246 564 cape
261 487 388 544 consiliis
404 487 513 544 socium
529 502 558 545 et
573 487 718 561 coniunge
732 487 900 554 volentem3

77 567 149 625 huic
166 567 256 637 trade,
271 567 378 625 amissis
393 582 529 644 superant
545 567 594 645 qui
610 567 739 637 navibus,
755 582 784 623 et
799 587 869 643 quos

78 663 243 725 pertaesum
259 648 354 723 magni
370 646 480 726 incepti
495 668 649 726 rerumque
665 662 778 704 tuarum
794 663 855 716 est;

79 729 291 806 longaevosque
306 749 387 788 senes
402 748 434 786 ac
450 729 535 786 fessas
551 747 674 807 aequore
690 743 802 799 matres,

77 824 109 866 et
122 808 267 886 quidquid
282 825 379 866 tecum
392 807 554 866 invalidum
569 824 759 887 metuensque
773 808 875 885 pericli
892 823 942 879 est,

77 889 183 965 delige,
198 905 228 946 et
242 889 287 946 his
301 890 427 947 habeant
442 891 524 947 terris
539 888 600 946 sine
616 889 730 946 moenia
746 889 828 946 fessi:

78 971 181 1028 urbem
196 970 385 1046 appellabunt
399 971 537 1047 permisso
552 969 670 1027 nomine
684 915 884 1106 Acestans

119 1051 226 1108 talibus
241 1050 375 1107 incensus
390 1050 474 1107 dictis
490 1050 609 1108 senioris
624 1049 707 1107 amici

77 1147 142 1188 turn
156 1151 225 1188 vero
240 1130 271 1187 in
286 1151 367 1188 curas
382 1130 479 1188 animo
495 1130 642 1189 diducitur
656 1150 766 1188 omnes.
907 1159 944 1196 720

77 1228 107 1269 et
122 1231 180 1268 nox
196 1226 256 1268 atra
271 1211 373 1287 polum
387 1211 459 1285 bigis
473 1211 609 1269 subvecta
625 1211 759 1269 tenebat:

76 1291 137 1349 visa
152 1291 259 1349 dehinc
275 1291 357 1348 caelo
372 1290 459 1348 facies
474 1292 589 1368 delapsa
602 1291 729 1369 parentis

75 1371 223 1429 Anchisae
238 1371 334 1428 subito
349 1372 419 1428 tales
434 1371 583 1429 effundere
599 1392 699 1429 voces:

56 1461 156 1521 ‘nate‚
170 1452 243 1509 mihi
259 1451 318 1508 vita
333 1452 490 1529 quondam,
505 1452 575 1509 dum
589 1452 648 1509 vita
663 1452 807 1522 manebat,

76 1553 142 1590 care
157 1531 257 1607 magis,
272 1547 349 1602 nate,
364 1530 461 1590 Iliacis
476 1533 602 1590 exercite
617 1532 692 1603 fatis,

76 1613 201 1689 imperio
216 1612 293 1670 Iovis
308 1614 365 1670 huc
380 1612 477 1684 venio,
492 1613 541 1690 qui
557 1612 691 1670 classibus
707 1613 803 1687 ignem

76 1692 201 1770 depulit,
216 1709 246 1750 et
261 1693 342 1750 caelo
357 1693 475 1750 tandem
491 1693 640 1750 miseratus
655 1694 690 1750 ab
705 1695 763 1750 alto
779 1709 829 1751 est.

77 1773 205 1831 consiliis
219 1794 298 1851 pare,
313 1794 386 1850 quae
401 1794 480 1831 nunc
497 1774 691 1850 pulcherrima
711 1774 821 1831 Nautes

77 1855 126 1912 dat
142 1853 255 1912 senior:
277 1854 366 1912 lectos
381 1853 509 1925 iuvenes,
526 1854 678 1912 fortissima
693 1855 788 1924 eorda,

76 1934 159 1992 defer
173 1934 205 1990 in
220 1933 355 1992 Italiam:
376 1954 445 2009 gens
461 1934 530 1992 dura
546 1950 632 2012 atque
648 1932 744 2012 aspera
759 1935 840 1991 cultu
906 1965 944 2002 7³0

76 2015 252 2072 debellanda
268 2013 320 2071 tibi
335 2014 420 2072 Latio
436 2030 487 2072 est.
529 2015 607 2073 Ditis
623 2023 800 2072 tamen'ante

76 2095 206 2153 infernas
221 2095 326 2152 accede
341 2095 451 2166 domos,
468 2112 496 2154 et
510 2097 625 2152 Averna
639 2117 690 2172 per
704 2097 761 2152 alta

77 2195 244 2250 congressus
259 2192 335 2252 pete,
351 2192 426 2247 nate,
443 2195 531 2234 meos.
574 2197 632 2233 non
649 2196 695 2233 me
710 2176 789 2252 inpia
804 2195 929 2252 namque

78 2257 201 2313 Tartara
217 2257 335 2326 habent,
350 2255 444 2313 tristes
463 2256 588 2327 umbrae,
603 2257 653 2314 sed
667 2276 787 2313 amoena
801 2255 915 2332 piorum

77 2336 202 2393 concilia
217 2335 405 2414 Elysiumque
420 2336 495 2394 colo.
538 2339 595 2394 huc
611 2352 687 2394 casta
704 2336 811 2412 Sibylla

78 2416 223 2491 nigrarum
239 2417 331 2473 multo
346 2417 492 2493 pecudum
509 2434 538 2488 te
553 2417 690 2492 sanguine
705 2417 801 2474 ducet.

78 2514 138 2553 tum
150 2516 242 2572 genus
254 2517 340 2553 omne
351 2513 444 2568 tuum,
455 2513 492 2567 et,
504 2518 577 2574 quae
589 2498 695 2555 dentur
706 2497 829 2566 moenia,
842 2497 941 2554 disces.

77 2577 192 2655 iamque
208 2577 289 2634 vale:
312 2593 425 2656 torquet
440 2579 549 2634 medios
566 2599 623 2639 nox
640 2578 736 2635 umida
752 2599 858 2648 cursus,

77 2675 105 2714 et
120 2678 166 2714 me
183 2678 281 2714 saevus
297 2657 377 2734 equis
396 2656 502 2715 Oriens
518 2657 634 2715 adflavit
649 2659 779 2715 anhelis)

76 2738 205 2795 dixerat:
229 2753 257 2795 et
274 2754 374 2795 tenues
390 2738 462 2813 fugit
478 2759 530 2796 ceu
544 2740 643 2800 fumus
659 2739 689 2795 in
705 2760 794 2796 auras.
906 2768 943 2804 740

75 2820 197 2888 Aeneas,
215 2823 290 2894 ‘quo
304 2818 410 2875 deinde
426 2819 502 2875 ruis?
524 2840 581 2896 quo
595 2819 717 2897 proripis
729 2820 753 2877 ?’
769 2820 873 2896 inquit,

58 2905 162 2975 ‘quem
178 2899 272 2973 fugis?
293 2915 343 2955 aut
357 2900 420 2976 quis
436 2915 464 2956 te
480 2900 581 2956 nostris
598 2900 797 2975 complexibus
813 2899 924 2957 arcet?’

76 2981 146 3036 haec
163 2998 326 3035 memorans
341 2979 468 3037 cinerem
485 2996 513 3036 et
528 2980 633 3056 sopitos
646 2980 763 3036 suscitat
778 2981 876 3054 ignes;

78 3061 325 3136 Pergameumque
340 3060 443 3117 Larem
459 3076 486 3118 et
502 3081 590 3117 canae
605 3060 764 3136 penetralia
780 3061 885 3117 Vestae

76 3140 147 3196 farre
161 3140 211 3216 pio
226 3155 256 3197 et
270 3139 357 3216 plena
372 3141 492 3218 supplex
508 3157 660 3198 veneratur
675 3160 779 3198 acerra.
902 3150 906 3158 '

295 3244 342 3290 720
360 3232 471 3280 animum.
507 3246 553 3293 734
571 3233 682 3280 tristesve.
