2002 3614
342 171 368 218 P.
386 168 526 221 VERGILI
544 167 702 219 MARONIS

107 299 242 374 procedo,
261 315 289 355 et
304 320 419 375 parvam
437 300 558 357 Troiam
574 299 764 376 simulataque
779 300 890 374 magnis

109 379 244 454 Pergama
261 395 289 436 et
305 396 435 437 arentem
455 380 565 437 Xanthi
581 379 755 454 cognomine
770 379 866 437 rivum
935 411 938 446 ς

107 460 249 534 adgnosco
265 460 426 536 Scaeaeque
445 462 603 537 amplector
618 460 720 517 limina
734 475 846 536 portae.

108 560 160 597 nec
177 561 236 596 non
253 557 281 596 et
297 541 405 598 Teucri
424 541 499 598 socia
516 541 600 598 simul
617 541 686 598 urbe
701 541 848 598 fruuntur.

107 618 172 676 1llos
186 620 344 696 porticibus
358 642 407 678 rex
425 621 586 698 accipiebat
601 621 632 678 in
648 621 771 696 amplis:

107 700 181 758 aulai
198 702 294 758 medio
310 702 440 771 libabant
456 704 561 778 pocula
578 701 685 759 Bacchi

107 781 238 857 inpositis
254 803 320 838 auro
336 782 455 858 dapibus
473 799 641 859 paterasque
658 782 808 840 tenebant.

147 862 261 939 iamque
277 863 337 919 dies
353 863 482 939 alterque
500 863 560 919 dies
574 861 721 939 processit,
738 877 767 918 et
782 883 868 920 aurae

107 944 171 999 vela
184 958 288 999 vocant
305 943 475 1020 tumidoque
492 942 608 999 inflatur
624 943 753 1000 carbasus
767 943 897 1001 Austro:

107 1023 150 1079 his
165 1039 260 1080 vatem
276 1024 424 1099 adgredior
440 1024 524 1080 dictis
540 1044 571 1081 ac
589 1023 656 1080 talia
670 1043 796 1099 quaeso:

89 1104 284 1178 ‘Troiugena
300 1105 441 1181 interpres
458 1105 564 1175 divom,
581 1104 629 1181 qui
647 1103 767 1160 numina
783 1104 903 1174 Phoebi,

108 1184 156 1261 qui
174 1185 297 1261 tripodas
314 1185 403 1241 Clarii
421 1201 449 1242 et
465 1186 568 1255 laurus,
586 1184 634 1261 qui
651 1183 741 1240 sidera
757 1184 846 1242 sentis

109 1281 137 1322 et
152 1266 302 1322 volucrum
317 1265 427 1340 linguas
444 1281 472 1322 ct
486 1265 630 1342 praepetis
647 1263 744 1321 omina
760 1264 878 1340 pinnae,

109 1345 168 1402 fare
180 1366 397 1423 age-namque
410 1366 526 1403 omnem
538 1366 650 1403 cursum
667 1343 738 1401 mihi
754 1365 891 1422 prospera
900 1344 938 1402 dir

109 1426 219 1500 religio,
236 1443 264 1483 et
279 1426 377 1484 cuncti
393 1442 541 1483 suaserunt
557 1426 678 1482 numine
694 1425 753 1482 divi

109 1507 224 1564 Italiam
239 1522 338 1583 petere
354 1523 382 1564 et
398 1522 484 1564 terras
500 1523 640 1583 temptare
656 1521 801 1582 repostas3

109 1589 168 1644 sola
184 1608 290 1644 novum
306 1586 443 1664 dictuque
459 1587 539 1644 nefas
556 1586 685 1664 Harpyia
702 1586 834 1644 Celaeno

108 1668 270 1744 prodigium
286 1668 364 1725 canit
380 1684 408 1724 et
424 1667 516 1725 tristes
531 1667 706 1724 denuntiat
699 1688 752 1725 tras

109 1749 320 1825 obscenamque
336 1749 557 1826 famem—quae
573 1748 664 1825 prima
678 1748 809 1824 pericula
824 1749 906 1808 vito?

110 1829 215 1906 quidve
230 1850 351 1906 sequens
366 1844 459 1886 tantos
475 1829 581 1905 possim
598 1849 729 1905 superare
746 1829 857 1887 labores
868 1831 895 1888 ?’

109 1910 156 1966 hic
174 1910 306 1967 Helenus
323 1910 409 1967 caesis
424 1909 550 1986 primum
566 1910 602 1966 de
618 1929 696 1966 more
711 1909 843 1968 iuvencis

111 2008 206 2047 exorat
221 2012 323 2067 pacem
338 1990 435 2047 divom
450 1990 592 2067 vittasque
608 1990 723 2046 resolvit

110 2072 210 2129 sacrati
227 2071 336 2148 capitis,
352 2091 457 2148 tneque
472 2071 507 2127 ad
524 2087 571 2127 tua
587 2071 697 2141 limina,
715 2070 843 2142 Phoebe,

111 2153 170 2228 ipse
186 2173 273 2209 manu
289 2153 381 2209 multo
397 2172 563 2228 suspensum
580 2151 700 2209 numine
716 2151 807 2223 ducit,

111 2250 195 2310 atque
211 2236 281 2290 haec
298 2233 404 2290 deinde
420 2233 497 2289 canit
514 2232 612 2289 divino
629 2253 663 2289 ex
679 2253 728 2289 ore
744 2234 895 2291 sacerdos:

152 2321 234 2370 ‘nate
250 2315 412 2371 dea—nam
429 2330 456 2370 te
472 2313 626 2369 maioribus
642 2313 683 2369 ire
698 2333 748 2388 per
764 2314 857 2370 altum

111 2394 243 2485 auspiciis
258 2395 408 2451 manifesta
424 2394 492 2450 fides
507 2419 515 2463 ;
538 2394 576 2450 sic
593 2394 650 2449 fata
666 2393 754 2449 deum
769 2415 820 2450 rex

111 2475 225 2531 sortitur
239 2475 427 2550 volvitque
402 2495 487 2544 v1ces‚
504 2475 526 2530 is
542 2474 661 2530 vertitur
676 2474 788 2530 ordo—

110 2576 201 2638 pauca
216 2555 268 2611 tibi
285 2576 300 2611 e
318 2555 401 2611 mult
383 2572 425 2625 t‚1s
442 2575 499 2631 quo
516 2555 604 2611 tutior
618 2553 729 2629 hospita
745 2554 848 2612 lustres

111 2657 233 2712 aequora
250 2652 277 2692 et
292 2636 420 2692 Ausonio
435 2635 521 2711 possis
536 2635 685 2691 considere
699 2651 794 2710 portU,

112 2717 262 2792 expediam
278 2717 381 2786 dictis;
403 2715 558 2792 prohibent
573 2736 640 2771 nam
655 2731 749 2771 cetera
767 2715 872 2772 Parcae

111 2797 182 2854 scire
198 2798 358 2867 Helenum,
375 2797 485 2873 farique
500 2811 579 2852 vetat
595 2795 725 2852 Saturnia
740 2796 826 2854 Iuno,

112 2877 254 2968 principio
271 2878 395 2948 ltaliam,
412 2897 497 2953 quam
513 2892 543 2933 tu
559 2876 616 2933 iam
631 2896 693 2931 rere
708 2876 900 2953 propinquam

110 2958 287 3034 vicinosque,
304 2959 409 3032 ignare,
425 2978 505 3032 paras
520 2957 656 3012 invadere
668 2971 777 3047 portus,

112 3040 196 3113 longa
212 3039 311 3115 procul
329 3037 461 3112 longis
436 3059 480 3093 vta
496 3037 621 3093 dividit
615 3036 692 3093 invia
708 3036 797 3094 terris.

112 3136 178 3176 ante
196 3136 223 3176 et
239 3119 390 3176 Trinacria
407 3119 559 3174 lentandus
576 3138 669 3174 remus
684 3117 713 3172 in
730 3118 806 3173 unda

452 3212 496 3271 362
515 3211 598 3256 omnis.
