2002 3614
297 189 463 236 AENEIDOS
482 189 543 236 LIB.
561 189 585 236 11

46 316 113 392 ‘quid
126 333 228 375 tantum
244 318 346 374 insano
362 317 440 374 iuvat
455 317 604 392 indulgere
619 319 721 390 dolori,

60 397 158 455 odulcis
172 398 321 456 coniunx?
343 418 402 455 non
418 400 489 455 haec
505 399 566 455 sine
582 399 702 456 numine
718 399 815 456 divom

60 477 187 538 eveniunt:
209 499 263 536 nec
281 495 310 536 te
324 478 394 536 hinc
410 478 545 536 comitem
561 495 705 555 asportare
722 481 860 538 Creusam

59 557 88 613 fas
100 574 139 615 aut
151 559 199 616 ille
213 559 282 616 sinit
297 559 392 635 superi
408 576 540 634 regnator
555 560 686 637 Olympi.
858 591 894 629 779

59 637 123 712 longa
136 639 181 697 tibi
198 640 307 710 exsilia,
325 655 353 696 et
368 655 477 697 vastum
493 640 577 696 maris
593 662 698 717 aequor
714 642 861 712 arandum,

59 734 80 773 et
91 734 177 776 terram
194 720 368 796 Hesperiam
383 721 489 791 venies,
506 721 553 778 ubi
568 722 676 797 Lydius
693 743 757 777 arva

58 797 115 855 inter
127 801 216 877 opima
229 801 325 858 virum
341 801 400 857 leni
416 800 480 857 fluit
495 802 607 876 agmine
623 801 770 892 Tbybris3

58 876 104 935 illic
116 901 152 937 res
166 881 257 938 laetae
273 902 450 958 regnumque
466 897 494 938 et
509 883 585 956 regia
600 882 728 939 coniunx

58 976 118 1033 parta
96 961 197 1031 ttibi;
219 962 349 1018 lacrimas
365 962 489 1019 dilectae
504 963 582 1038 pelle
598 963 732 1031 Creusae.

60 1058 102 1095 non
115 1061 159 1115 ego
175 1043 397 1118 Myrmidonum
412 1043 492 1099 sedes
507 1042 691 1118 Dolopumve
708 1044 840 1119 superbas

59 1121 176 1195 aspiciam,
191 1138 241 1179 aut
257 1123 342 1179 Grais
357 1123 492 1180 servitum
508 1124 644 1181 matribus
660 1123 716 1194 ibo,

59 1198 183 1273 Dardanis,
200 1219 228 1260 et
243 1203 327 1260 divae
342 1203 465 1260 Veneris
481 1225 586 1261 nurus:

59 1281 143 1341 sedne
157 1304 258 1359 magna
274 1285 361 1340 deum
377 1285 520 1341 Genetrix
535 1285 579 1341 his
594 1284 707 1341 detinet
722 1284 786 1343 oris.

60 1358 147 1440 ianque
160 1366 233 1435 vale,
250 1380 279 1422 et
295 1364 354 1421 nati
371 1386 449 1421 serva
465 1365 625 1422 communis
642 1366 787 1422 amorem‘

61 1441 109 1501 haec
128 1446 171 1502 ubi
193 1446 272 1503 dicta
293 1445 384 1515 dedit,
407 1445 606 1502 lacrimantem
629 1461 657 1502 et
683 1447 774 1502 multa
795 1447 894 1504 volen-

118 1540 169 1583 tem
859 1556 897 1594 790

62 1601 132 1663 dicere
144 1607 278 1677 deseruit,
295 1622 453 1683 tenuesque
469 1605 584 1663 recessit
599 1606 628 1662 in
646 1627 734 1665 auras.

64 1696 92 1739 ter
101 1704 208 1745 conatus
224 1688 265 1744 ibi
281 1688 359 1744 collo
374 1687 440 1743 dare
456 1687 589 1744 bracchia
605 1687 732 1755 circum;

64 1777 92 1820 ter
101 1756 191 1826 frustra
207 1788 377 1844 comprensa
393 1787 492 1824 manus
508 1767 629 1842 effugit
622 1788 724 1841 imago,

10 1906 17 1923 Ι
63 1863 96 1917 par
107 1848 206 1907 levibus
221 1848 325 1940 ventis,
341 1848 509 1924 volucrique
525 1848 670 1904 simillima
687 1869 795 1906 somno.

10 1928 12 1993 ξ
63 1923 88 1981 sic
98 1928 202 1987 demum
218 1929 310 1986 socios
325 1945 495 2005 consumpta
511 1944 596 1985 nocte
612 1928 712 1986 reviso.

10 2006 12 2011 ’
64 2024 157 2092 atque
171 2010 242 2067 hic
235 2025 386 2084 ingentem
402 2009 541 2066 comitum
557 2008 707 2065 adfluxisse
724 2029 863 2065 novorum

63 2082 150 2147 invenio
164 2091 307 2148 admirans
323 2109 486 2160 numerum,
503 2106 662 2166 matresque
678 2089 819 2166 virosque,

63 2167 182 2228 collectam
199 2170 300 2228 exsilio
314 2171 451 2262 pubem,
448 2135 609 2227 miserabile
624 2170 733 2243 vulgus.

64 2249 160 2333 undique
175 2271 348 2320 convenere,
365 2250 466 2307 animis
483 2251 641 2326 opibusque
656 2249 757 2327 parati,

10 2380 12 2399 ,
65 2344 84 2381 ln
66 2350 270 2412 quascumque
286 2332 375 2388 velim
390 2333 491 2407 pelago
507 2332 650 2388 deducere
667 2347 762 2388 terras
859 2348 896 2385 εοο

10 2412 13 2479 ξ
65 2402 147 2486 lamque
161 2413 230 2488 iugis
245 2433 374 2470 summac
390 2413 520 2486 surgebat
535 2411 653 2468 Lucifer
668 2411 747 2482 Idae,

66 2483 209 2579 ducebatque
225 2494 325 2560 diem;
346 2491 498 2568 Danaique
513 2494 623 2549 obsessa
640 2491 779 2548 tenebant

67 2563 137 2628 limina
149 2591 302 2650 portarurn,
320 2592 374 2629 nec
390 2593 451 2647 spes
466 2572 526 2662 opis
543 2573 601 2628 ulla
617 2572 754 2628 dabatur:

67 2662 106 2702 Cels
90 2649 121 2718 ssi,
134 2670 157 2710 et
169 2656 280 2712 sublato
297 2668 410 2709 montes
425 2653 553 2725 genitore
569 2650 685 2727 petivi.’'

101 2756 165 2812 77.8c
175 2760 227 2808 hinc
239 2767 339 2822 portare
357 2756 413 2803 hinc
426 2764 546 2819 asportare.
613 2755 659 2819 783
678 2769 713 2802 res
725 2755 806 2802 Italae.
