2002 3614
356 197 519 245 AENEIDOS
537 197 598 245 LIB
616 199 641 245 11

113 326 147 383 hei
159 329 231 398 mihi,
245 328 336 406 qualis
351 327 428 385 erat!
452 344 589 418 quantum
604 345 725 387 mutatus
741 330 775 387 ab
789 330 839 387 illo

112 405 225 479 Hectore,
239 431 288 486 qui
280 408 375 465 redit
390 408 503 465 exuvias
519 408 634 466 indutus
649 410 767 478 Achilli,

110 489 140 545 vel
152 489 279 547 Danaum
296 489 430 564 Phrygios
444 489 581 546 iaculatus
595 490 758 582 puppibus
751 492 848 566 ignes!

107 571 262 646 squalentem
278 569 402 639 barbam,
417 586 444 627 et
459 587 607 628 concretos
622 571 757 646 sanguine
771 573 873 643 crines,

105 651 258 729 vulneraque
273 651 323 707 illa
337 671 446 725 gerens,
461 671 532 728 quae
548 651 656 708 circum
671 652 793 728 plurima
807 674 901 710 muros

103 733 195 807 accepit
209 731 322 808 patrios.
365 732 440 788 ultro
454 730 524 788 flens
539 731 597 807 ipse
612 732 726 788 videbar

101 813 255 888 compellare
271 812 375 881 virum,
390 828 418 868 et
433 828 548 868 maestas
564 833 728 888 expromere
744 834 846 872 voces:
911 834 948 872 280

41 964 43 971 Ι
87 895 110 946 ‘o
121 894 165 949 lux
180 893 352 961 Dardaniae,
366 913 427 967 spes
441 915 458 949 o
473 892 604 949 fidissima
619 893 779 963 Teucrum,

97 993 154 1049 quae
169 990 264 1030 tantae
280 989 396 1030 tenuere
412 977 527 1030 morae?
548 974 649 1050 quibus
665 975 775 1032 Hector
789 976 824 1032 ab
837 976 891 1032 oris

95 1070 245 1130 exspectate
260 1054 362 1110 venis?
384 1070 414 1111 ut
429 1070 456 1110 te
471 1070 533 1130 post
548 1055 637 1110 multa
652 1072 765 1112 tuorum

93 1134 192 1204 funera,
208 1151 270 1210 post
286 1134 376 1192 varios
390 1135 597 1212 hominumque
613 1135 744 1212 urbisque
758 1136 865 1194 labores

91 1215 182 1272 defessi
199 1215 370 1291 aspicimus!
395 1236 465 1291 quae
481 1235 563 1273 causa
577 1216 693 1290 indigna
708 1238 817 1274 serenos

89 1296 206 1353 foedavit
222 1296 339 1353 vultus?
360 1312 407 1353 aut
423 1316 473 1353 cur
489 1299 558 1353 haec
574 1297 691 1354 vulnera
706 1318 794 1355 cerno
805 1297 830 1355 ?’

87 1374 130 1433 ille
146 1377 232 1445 nihil,
247 1396 300 1434 nec
316 1397 362 1434 me
376 1392 560 1454 quaerentem
575 1398 645 1434 vana
661 1395 795 1448 moratur,

87 1458 129 1515 sed
143 1457 266 1532 graviter
280 1458 401 1532 gemitus
416 1457 474 1514 imo
488 1458 523 1514 de
538 1474 651 1534 pectore
666 1458 783 1529 ducens,

71 1538 137 1595 ‘heu
150 1539 157 1597 !
181 1539 258 1612 fuge,
273 1554 338 1595 nate
352 1539 413 1608 dea,
428 1552 512 1614 teque
528 1537 588 1608 his,'
603 1539 651 1608 ait,
666 1540 761 1615 ‘eripe
777 1539 905 1600 flammis.

85 1619 168 1677 hostis
182 1618 267 1676 habet
282 1639 376 1675 muros
390 1643 398 1688 3
419 1619 475 1675 ruit
491 1619 547 1676 alto
562 1640 576 1697 a
592 1620 718 1677 culmine
734 1621 832 1677 Troia.
908 1651 945 1689 290

85 1715 122 1756 sat
136 1699 242 1776 patriae
259 1699 427 1776 Priamoque
442 1700 550 1757 datum.
592 1700 613 1756 si
631 1701 764 1775 Pergama
778 1700 876 1758 dextra

84 1779 196 1838 defendi
212 1796 335 1856 possent,
351 1781 436 1837 etiam
451 1781 503 1837 hac
519 1781 634 1838 defensa
648 1781 775 1839 fuissent.

85 1880 158 1918 sacra
172 1882 292 1938 suosque
306 1860 358 1918 tibi
375 1860 555 1918 commendat
571 1861 658 1918 Troia
675 1862 791 1918 Penates
804 1886 813 1928 3

85 1941 132 1998 hos
146 1963 215 2018 cape
230 1942 353 1999 fatorum
369 1941 486 1999 comites
499 1965 508 2008 ;
529 1941 572 1998 his
588 1942 699 1999 moenia
713 1962 815 2020 quaere

85 2040 192 2097 magna,
206 2039 348 2099 pererrato
362 2038 464 2079 statues
480 2042 551 2098 quae
566 2023 689 2100 denique
704 2022 811 2100 pont0.'

85 2102 122 2160 sic
137 2103 184 2172 ait,
199 2119 227 2160 et
242 2102 371 2160 manibus
386 2103 468 2160 vittas
483 2104 655 2181 Vestamque
670 2120 814 2180 potentem

86 2198 283 2260 aeternumque
299 2183 387 2259 adytis
402 2184 482 2241 effert
496 2184 685 2259 penetralibus
701 2185 805 2259 ignem.

124 2264 231 2321 diverso
245 2264 353 2322 interea
367 2264 523 2322 miscentur
538 2265 649 2321 moenia
665 2265 744 2322 luctu
758 2290 766 2334 ;

89 2360 115 2400 et
128 2345 213 2420 magis
227 2360 310 2423 atque
325 2345 422 2419 magis,
437 2365 608 2422 quamquam
624 2361 728 2403 secreta
742 2347 865 2421 parentis

90 2425 224 2482 Anchisae
238 2426 338 2483 domus
355 2426 552 2502 arboribusque
568 2427 680 2483 obtecta
695 2427 817 2496 recessit,
906 2457 944 2493 300

92 2505 242 2564 clarescunt
258 2507 374 2577 sonitus,
390 2526 589 2598 armorumque
604 2507 711 2581 ingruit
726 2509 830 2564 horror.

95 2587 210 2643 excutior
224 2608 334 2657 somno,
349 2603 377 2644 et
392 2607 494 2644 summi
488 2588 619 2678 fastigia
634 2588 702 2645 tecti

96 2684 197 2724 ascensu
212 2688 322 2745 supero,
338 2684 421 2745 atque
436 2668 548 2724 arrectis
564 2668 676 2725 auribus
691 2669 789 2737 adsto,

99 2742 123 2798 in
136 2765 250 2822 segetem
266 2748 354 2805 veluti
370 2768 436 2805 curn
452 2748 564 2805 flamma
579 2749 737 2805 furentibus
752 2749 861 2805 Austris

102 2821 195 2898 incidit,
208 2845 255 2886 aut
270 2829 383 2904 rapidus
398 2845 532 2885 montano
547 2828 664 2886 flumine
680 2846 785 2886 torrens

104 2908 183 2965 sternit
197 2930 280 3000 agros,
298 2910 396 2966 sternit
412 2926 466 2966 sata
482 2911 553 2966 laeta
569 2909 710 3001 boumque
726 2910 841 2978 labores,

41 3014 43 3018 v
107 2988 304 3081 praecipitesque
320 2990 404 3047 trahit
420 2990 510 3059 silvas,
526 3006 617 3066 stupet
633 2990 737 3048 inscius
753 2991 808 3047 alto

41 3086 45 3119 i
108 3066 222 3141 accipiens
237 3072 361 3128 sonitum
377 3092 435 3126 saxi
429 3071 484 3126 de
500 3072 607 3128 vertice
622 3087 722 3146 pastor.

110 3154 152 3199 luni
164 3168 222 3207 vero
236 3152 385 3208 manifesta
400 3151 478 3219 lides,
494 3152 682 3227 Danaumque
698 3165 844 3226 patescunt

111 3217 206 3289 midiae
247 3233 304 3288 iarn
319 3232 464 3306 Deiphobi
480 3232 664 3307 dedcampla
680 3252 789 3287 ruinam
905 3256 942 3291 310
