2002 3614
10 604 16 647 l

301 179 466 227 AENEIDOS
484 180 546 227 LIB.
564 181 588 226 ll

64 309 186 368 sollemnes
201 326 316 369 taurum
331 310 478 384 ingentem
494 311 634 368 mactabat
650 312 684 369 ad
699 333 764 370 aras.

63 409 113 448 ecce
124 409 213 449 autem
226 391 336 466 gemini
351 413 367 448 a
382 391 505 448 Tenedo
520 392 671 469 tranquilla
685 413 736 468 per
751 393 846 450 alta-

60 470 166 530 horresco
179 471 485 530 referens—inmensis
500 472 615 530 orbibus
629 493 733 547 angues

59 550 207 611 incumbunt
221 555 334 630 pelago,
349 553 509 631 pariterque
525 553 559 610 ad
574 553 656 610 litora
670 554 794 612 tendunt
807 579 815 623 ;

57 650 150 706 pectora
164 655 285 711 quorum
301 634 376 690 inter
391 633 494 691 fluctus
510 651 616 691 arrecta
630 635 770 711 iubaeque

56 714 203 788 sanguineae
219 731 355 792 superant
371 715 458 771 undas
472 739 481 783 ;
502 735 563 790 pars
579 731 673 771 cetera
687 731 809 790 pontum

55 814 113 868 poue
128 795 203 870 legit,
219 796 391 872 sinuantque
407 795 537 852 inmensa
551 795 698 852 volumine
714 811 790 870 terga
804 821 812 864 ;

55 873 77 931 lit
90 876 188 933 sonitus
202 892 352 953 spumante
368 876 435 933 salo
477 876 589 951 iamque
605 897 668 932 arva
683 876 827 942 tenebant,

54 955 221 1032 ardentesque
236 958 335 1013 oculos
351 956 462 1013 suffecti
478 956 613 1029 sanguine
629 972 657 1012 et
672 956 730 1031 igni
859 988 897 1014 210

53 1035 118 1093 sibila
132 1036 293 1094 lambebant
309 1036 412 1110 linguis
426 1036 601 1094 vibrantibus
616 1058 673 1094 ora.

53 1115 198 1192 diffugimus
214 1118 274 1174 visu
291 1137 466 1192 exsangues:
488 1117 531 1174 illi
547 1117 658 1192 agmine
674 1134 752 1175 certo

54 1195 198 1255 Laocoonta
212 1214 314 1274 petunt
328 1223 336 1267 3
358 1215 385 1255 et
400 1198 523 1274 primum
539 1219 622 1273 parva
636 1199 759 1256 duorum

54 1296 153 1353 corpora
168 1295 299 1336 natorum
316 1299 427 1355 serpens
442 1279 587 1355 amplexus
603 1294 721 1355 uterque

54 1355 165 1432 inplicat,
180 1375 207 1416 et
222 1359 338 1416 miseros
352 1359 445 1415 morsu
461 1358 620 1434 depascitur
634 1376 708 1417 artus
723 1385 730 1428 ;

56 1455 103 1510 post
114 1439 213 1515 ipsum,
229 1440 336 1497 auxilio
351 1439 518 1496 subeuntem
533 1460 564 1496 ac
580 1440 635 1496 tela
650 1441 799 1508 ferentem,

57 1519 203 1595 corripiunt,
218 1520 354 1597 spirisque
371 1520 458 1594 ligant
473 1519 636 1594 ingentibus
649 1545 658 1588 ;
679 1537 706 1577 et
721 1521 777 1577 iam

58 1596 88 1653 bis
101 1601 219 1658 medium
234 1601 369 1677 amplexi,
385 1600 426 1656 bis
441 1601 516 1657 collo
530 1620 660 1676 squamea
675 1601 785 1659 circum

59 1693 116 1754 terga
129 1681 193 1750 dati,
208 1698 341 1757 superant
356 1681 448 1756 capite
463 1697 491 1737 et
506 1680 665 1738 cervicibus
679 1682 751 1739 altis.

59 1756 95 1815 ille
107 1761 182 1818 simul
198 1762 327 1819 manibus
342 1761 434 1819 tendit
448 1761 583 1819 divellere
598 1761 696 1831 nodos,
861 1793 898 1819 220

10 1890 19 1907 ,
60 1841 163 1911 perfusus
178 1842 253 1899 sanie
268 1843 350 1899 vittas
366 1859 479 1918 atroque
494 1862 605 1899 veneno
618 1867 627 1911 ;

60 1918 171 1979 clamores
186 1923 269 1980 simul
285 1922 438 1979 horrendos
453 1923 487 1979 ad
502 1922 591 1980 sidera
605 1923 699 1981 tollit:

60 2002 128 2073 qualis
142 2004 273 2078 mugitus,
289 2003 361 2077 fugit
376 2023 442 2060 curn
458 2004 568 2061 saucius
582 2025 656 2061 aram

60 2093 132 2139 murus
145 2101 171 2141 et
185 2085 324 2142 incertam
339 2084 462 2141 excussit
477 2085 587 2142 cervice
602 2085 733 2142 securim.

60 2175 80 2215 at
90 2164 183 2235 gemini
198 2165 276 2240 lapsu
291 2164 408 2221 delubra
422 2165 456 2221 ad
471 2185 579 2222 summa
593 2166 727 2222 dracones

60 2239 184 2317 effugiunt,
199 2265 350 2322 saevaeque
365 2261 466 2320 petunt
482 2245 639 2302 Tritonidis
654 2266 758 2314 arcem,

61 2320 99 2377 sub
109 2325 275 2403 pedibusque
290 2325 368 2394 deae,
384 2325 525 2402 clipeique
541 2325 592 2383 sub
606 2326 671 2383 orbe
687 2342 826 2400 teguntur.

61 2414 106 2458 tum
119 2425 178 2462 vero
192 2407 357 2463 tremefacta
372 2425 461 2462 novus
476 2427 525 2483 per
540 2423 654 2482 pectora
669 2407 778 2463 cunctis

61 2479 160 2543 insinuat
173 2507 280 2561 pavor3
302 2502 329 2543 et
345 2486 433 2543 scelus
448 2487 613 2562 expendisse
629 2504 785 2543 merentem

62 2559 196 2624 Laocoonta
211 2568 318 2635 ferunt,
333 2587 441 2623 sacrum
457 2567 505 2642 qui
521 2567 637 2641 cuspide
652 2567 736 2623 robur
860 2596 897 2634 230

62 2640 156 2715 laeserit,
169 2663 196 2704 et
211 2663 290 2722 tergo
305 2647 468 2704 sceleratam
483 2647 625 2704 intorserit
640 2649 756 2704 hastam.

61 2719 198 2784 ducendum
212 2728 247 2784 ad
262 2728 339 2784 sedes
355 2728 547 2796 simulacrum,
562 2728 719 2804 orandaque
735 2728 814 2784 divae

62 2805 155 2863 numina
169 2799 359 2866 coirclamant.

62 2879 187 2945 dividimus
202 2910 296 2946 muros
312 2905 339 2946 et
354 2889 465 2945 moenia
482 2889 629 2964 pandimus
645 2889 729 2944 urbis.

61 2965 190 3040 accingunt
204 2991 301 3026 omnes
317 2968 407 3045 operi,
423 2969 595 3045 pedibusque
610 2986 734 3025 rotarum

61 3043 180 3129 subiciunt
194 3051 294 3126 lapsus,
310 3066 337 3106 et
353 3066 469 3125 stuppea
484 3050 598 3106 vincula
613 3050 688 3106 collo

61 3128 196 3187 rutendunt.
238 3131 348 3188 scandit
363 3130 452 3186 fatalis
468 3130 599 3185 machina
614 3150 718 3199 muros,

341 3222 389 3267 226
407 3220 539 3282 diffugiunt.
