2002 3614
342 203 368 249 P.
386 200 526 249 VERGILI
546 200 702 250 MARONIS

112 348 154 388 ter
169 332 279 408 scopuli
295 332 451 389 clamorem
466 331 542 388 inter
556 351 625 388 cava
640 352 705 388 saxa
721 331 837 402 dedere,

111 429 153 470 ter
168 432 296 488 spumam
314 412 412 469 elisam
428 426 457 469 et
471 411 595 469 rorantia
610 412 733 469 vidimus
750 428 831 471 astra.

111 494 220 550 interea
235 494 323 550 fessos
337 508 440 550 ventus
455 513 521 550 cum
537 493 596 549 sole
611 492 739 570 reliquit,

111 574 257 650 ignarique
273 573 335 630 viae
352 572 516 650 Cyclopum
532 573 692 631 adlabimur
706 573 772 632 oris.

149 671 246 731 portus
262 654 297 710 ab
312 674 426 711 accessu
442 669 594 711 ventorum
609 654 737 712 inmotus
753 671 782 712 et
797 655 893 729 ingens
923 677 957 718 ετ

111 736 190 811 ipse;
212 735 260 792 sed
275 734 413 791 horrificis
430 735 509 791 iuxta
525 750 606 792 tonat
620 735 717 793 Aetna
732 735 832 807 ruinis,

110 816 314 891 interdumque
329 831 418 872 atram
434 814 594 892 prorumpit
608 815 644 872 ad
659 816 774 873 aethera
791 817 894 873 nubem

111 896 225 953 turbine
241 896 401 953 fumantem
416 896 500 972 piceo
516 911 544 952 et
560 896 704 952 candente
720 897 820 954 favilla

111 977 276 1053 attollitque
291 976 389 1050 globos
405 975 584 1032 flammarum
601 993 629 1033 et
644 976 736 1034 sidera
751 977 873 1048 lambit;

111 1058 254 1114 interdum
271 1058 401 1133 scopulos
418 1057 572 1134 avulsaque
586 1057 694 1114 viscera
710 1058 818 1114 montis

112 1138 193 1212 erigit
210 1154 340 1194 eructans
356 1138 571 1214 liquefactaque
586 1158 650 1194 saxa
666 1138 718 1194 sub
732 1159 813 1195 auras

111 1240 176 1276 eum
192 1218 300 1293 gemitu
315 1219 455 1292 glomerat
471 1217 620 1294 fundoque
637 1234 784 1275 exaestuat
799 1219 867 1277 imo.

111 1300 186 1356 fama
202 1314 242 1355 est
258 1298 397 1355 Enceladi
415 1314 570 1355 semustum
585 1298 709 1355 fulmine
725 1319 829 1375 corpus

111 1379 222 1454 urgueri
238 1380 314 1436 mole
329 1380 393 1448 hac,
409 1379 616 1456 ingentemque
632 1379 749 1455 insuper
764 1381 890 1437 Aetnam

110 1460 264 1537 inpositam
280 1459 369 1536 ruptis
385 1458 529 1516 flammam
546 1459 686 1536 exspirare
701 1460 846 1531 caminis;
929 1475 957 1524 53

112 1557 139 1598 et
154 1541 259 1598 fessum
274 1540 406 1616 quotiens
421 1554 513 1597 mutet
529 1540 611 1610 latus,
627 1539 783 1598 intremere
799 1561 913 1599 omnem

110 1642 255 1678 murmure
271 1620 453 1678 Trinacriam
471 1637 499 1677 et
514 1621 627 1677 caelum
643 1621 794 1678 subtexere
810 1622 899 1679 fumo.

111 1718 227 1758 noctem
242 1701 321 1758 illam
338 1701 408 1758 tecti
423 1700 500 1758 silvis
515 1700 642 1758 inmania
658 1717 784 1759 monstra

110 1782 286 1859 perferimus,
303 1802 356 1839 nec
373 1802 445 1859 quae
461 1780 586 1838 sonitum
601 1782 651 1839 det
666 1802 749 1839 causa
764 1783 902 1841 videmus.

112 1885 177 1919 nam
193 1884 287 1939 neque
304 1878 384 1920 erant
399 1878 536 1919 astrorum
552 1862 631 1937 ignes
647 1883 700 1919 nec
718 1863 831 1921 lucidus
847 1866 938 1922 aethra

110 1945 216 2000 siderea
231 1944 322 2020 polus,
338 1944 458 2000 obscuro
473 1943 522 2000 sed
539 1943 637 2000 nubila
652 1943 744 2014 caelo,

111 2041 138 2081 et
154 2026 253 2081 lunam
268 2024 298 2080 in
314 2024 413 2080 nimbo
429 2044 486 2080 nox
501 2023 674 2100 intempesta
689 2025 818 2084 tenebat.

150 2122 262 2182 postera
277 2105 391 2181 iamque
407 2104 467 2162 dies
483 2104 576 2181 primo
591 2105 724 2179 surgebat
740 2107 811 2176 Eoo,

110 2203 316 2263 umentemque
331 2187 440 2242 Aurora
456 2187 524 2262 polo
539 2185 698 2242 dimoverat
714 2187 845 2244 umbram
860 2210 866 2243 :

110 2288 176 2324 curn
192 2268 285 2324 subito
302 2288 316 2324 e
331 2266 407 2323 silvis
424 2266 515 2322 macie
531 2267 665 2323 confecta
680 2287 812 2342 suprema
929 2295 957 2332 soc

110 2348 199 2421 ignoti
216 2369 288 2404 nova
304 2348 395 2404 forma
410 2347 462 2403 viri
478 2347 695 2424 miserandaque
710 2349 792 2405 cultu

109 2429 239 2504 procedit
255 2430 432 2506 supplexque
449 2448 548 2484 manus
564 2429 599 2485 ad
615 2428 698 2485 litora
713 2428 818 2486 tendit.

110 2509 295 2585 respicimus:
318 2510 377 2565 dira
394 2509 516 2566 inluvies
533 2508 705 2585 inmissaque
720 2509 818 2581 barba,

109 2605 272 2646 consertum
288 2606 422 2664 tegumen
439 2589 544 2666 spinis;
566 2605 594 2646 at
609 2606 703 2646 cetera
718 2590 833 2660 Graius,

110 2685 138 2725 et
154 2670 299 2746 quondam
314 2670 411 2746 patriis
427 2670 462 2727 ad
478 2670 597 2726 Troiam
613 2671 711 2726 missus
726 2670 757 2726 in
774 2670 866 2727 armis.

109 2750 188 2826 isque
204 2751 251 2806 ubi
267 2750 427 2807 Dardanios
443 2751 556 2807 habitus
572 2767 600 2807 et
616 2751 703 2806 Troi'a
717 2750 793 2807 vidit

109 2851 184 2886 arma
199 2831 308 2906 procul,
324 2832 440 2907 paulum
458 2846 573 2907 aspectu
589 2831 760 2888 conterritus
775 2831 866 2888 haesit

109 2911 312 2988 continuitque
327 2912 464 2986 gradum;
486 2932 550 2968 mox
567 2932 624 2968 sese
639 2912 674 2968 ad
690 2911 773 2969 litora
788 2931 922 2989 praeceps

109 3011 176 3047 cum
192 2991 261 3048 fletu
277 2992 466 3069 precibusque
483 2992 570 3048 tulit:
594 2997 662 3068 ‘per
677 2991 768 3049 sidera
784 3008 880 3063 testor,

109 3093 159 3148 per
175 3093 287 3148 superos
303 3088 388 3149 atque
402 3074 457 3129 hoc
474 3071 546 3128 caeli
562 3071 695 3147 spirabile
710 3072 821 3143 lumen,
929 3089 957 3126 60<

110 3152 202 3208 tollite
219 3172 273 3221 me,
291 3153 419 3221 Teucri;
441 3171 634 3229 quascumque
651 3153 785 3209 abducite
803 3170 906 3211 terras:

438 3245 483 3290 600
501 3259 595 3290 numen.
