2002 3614
296 183 462 230 AENEIDOS
480 183 542 230 LIB.
560 184 584 230 11

61 328 95 364 seu
106 330 201 368 versare
215 311 307 381 dolos,
321 332 370 369 seu
386 327 479 368 certae
494 312 664 369 occumbere
680 313 774 369 morti.

61 390 157 468 undique
172 391 281 449 visendi
296 392 391 449 studio
406 392 533 448 Troiana
548 392 681 450 iuventus

59 468 201 529 circumfusa
215 473 281 542 ruit,
299 488 465 549 certantque
480 473 610 530 inludere
626 489 716 548 capto.

56 550 130 627 'accipe
144 573 220 610 nunc
237 554 372 610 Danaum
388 553 509 623 insidias,
526 568 554 610 et
568 553 689 610 crimine
705 553 739 610 ab
755 574 812 611 uno

57 629 113 689 disce
124 653 229 691 omnes.

57 730 153 790 namque
168 731 199 771 ut
214 731 370 790 conspectu
386 714 415 771 in
431 714 525 772 medio
540 714 666 772 turbatus
680 715 795 772 inermis

57 794 168 864 constitit,
184 811 269 872 atque
284 795 374 852 oculis
390 795 510 870 Phrygia
525 795 637 870 agmina
652 795 856 871 circumspexit
871 819 877 853 ε

44 872 102 942 ‘heu,
121 896 188 952 quae
214 895 293 932 nunc
320 873 423 943 tellus‚’
445 875 546 952 inquit,
571 882 659 953 ‘quae
680 896 726 933 me
751 896 872 953 aequora

115 957 239 1031 possun't'

56 1034 186 1111 accipere?
201 1053 250 1094 aut
265 1036 334 1114 quid
348 1036 404 1093 iam
419 1037 520 1094 misero
532 1036 602 1094 mihi
614 1037 737 1114 denique
750 1054 843 1109 restat,
868 1069 893 1106 70

56 1114 186 1193 crineque
201 1117 276 1192 apud
294 1118 408 1174 Danaos
423 1138 541 1194 usquam
557 1118 642 1186 locus,
659 1134 687 1175 et
702 1139 785 1194 super
799 1119 851 1195 ipsi

56 1192 211 1255 Dardanidae
227 1197 330 1254 infensi
346 1217 450 1274 poenas
465 1198 682 1272 cum'sanguine
698 1215 819 1275 poscunt
832 1198 858 1257 ?'

48 1295 97 1351 quo
107 1278 209 1351 gemitu
225 1279 353 1335 conversi
369 1279 466 1350 animi,
483 1299 658 1355 compressus
672 1294 700 1336 et
715 1279 806 1336 omnis

56 1354 163 1432 inpetus.
206 1361 351 1416 hortamur
366 1359 417 1416 fari
432 1384 441 1428 ;
462 1381 519 1437 quo
534 1360 670 1434 sanguine
685 1375 788 1429 cretus,

57 1437 137 1511 quidve
152 1440 233 1508 ferat,
248 1455 396 1510 memoret,
411 1461 482 1516 quae
497 1440 532 1497 sit
547 1440 651 1497 fiducia
666 1456 757 1516 capto

57 1513 91 1572 ille
103 1519 177 1590 haec,
191 1520 319 1596 deposita
336 1520 451 1577 tandem
466 1520 629 1590 formidine,
644 1521 718 1578 fatur
733 1543 740 1579 ε

81 1602 188 1658 ‘cuncta
216 1603 352 1679 equidem
381 1603 444 1672 tibi,
473 1622 533 1673 rex,
563 1602 651 1659 fuerit
679 1603 890 1680 quodcumque,

118 1679 224 1739 fatebor

59 1757 119 1823 vera'
129 1759 230 1833 inquit,
244 1766 358 1833 ‘neque
373 1778 419 1816 me
433 1759 568 1834 Argolica
582 1759 616 1816 de
632 1775 716 1833 gente
732 1760 840 1834 negabo
854 1782 861 1817 ι

59 1831 97 1889 hoe
109 1837 224 1910 primum
241 1863 249 1907 3
271 1858 336 1909 nec,
351 1839 372 1895 si
388 1839 523 1896 miserum
538 1840 663 1895 Fortuna
680 1840 816 1896 Sinonem

60 1909 127 1985 finxit,
138 1939 242 1976 vanum
253 1919 338 1976 etiam
350 1919 575 1996 mendacemque
591 1919 709 1994 inproba
724 1919 821 1995 finget.
867 1938 891 1976 aa

60 1990 122 2052 fando
133 1998 246 2076 aliquod
260 1999 282 2055 si
297 1999 371 2056 forte
387 2016 446 2057 tuas
461 1999 590 2075 pervenit
605 2000 640 2056 ad
654 2021 732 2057 aures

60 2070 147 2134 Belidae
162 2099 267 2136 nornen
284 2079 440 2136 Palamedis
454 2096 483 2137 et
497 2078 606 2137 incluta
622 2080 695 2137 fama

59 2153 130 2240 gloria,
144 2180 228 2235 quem
243 2160 311 2217 falsa
326 2161 377 2217 sub
392 2159 552 2236 proditione
569 2161 675 2234 Pelasgi

59 2251 174 2296 nsontem
187 2240 305 2297 infando
320 2241 437 2310 indicio,
453 2241 518 2318 quia
533 2242 607 2297 bella
622 2242 743 2310 vetabat,

59 2311 170 2377 demisere
184 2321 258 2390 neci,
276 2342 353 2379 nunc
370 2342 478 2378 cassum
494 2322 603 2378 lumine
619 2321 717 2394 lugent
733 2347 742 2390 ;

59 2390 89 2450 illi
100 2417 136 2455 me
150 2401 285 2458 comitem
301 2418 328 2459 et
344 2401 587 2476 consanguinitate
601 2402 793 2478 propinquum

59 2492 140 2552 pauper
154 2481 182 2538 in
197 2502 274 2539 arma
288 2499 367 2559 pater
381 2483 478 2558 primis
493 2484 549 2539 huc
566 2482 642 2539 misit
657 2482 691 2538 ab
706 2483 795 2539 annis.

59 2551 109 2613 dun
119 2562 202 2620 stabat
216 2582 303 2636 regno
318 2563 478 2632 incolumis,
495 2583 650 2639 regumque
666 2563 776 2636 vigebat

59 2639 164 2711 consiliis,
180 2659 208 2700 et
223 2664 274 2700 nos
290 2644 404 2722 aliquod
419 2663 583 2720 nomenque
598 2645 741 2720 decusque

58 2718 172 2784 gessimus.
214 2723 320 2781 invidia
334 2741 482 2801 postquam
497 2725 613 2800 pellacis
629 2724 753 2781 Ulixi-
866 2752 890 2791 90

59 2793 114 2855 haud
124 2801 213 2876 ignota
229 2805 475 2882 loquor—superis
491 2806 631 2862 concessit
646 2805 679 2861 ab
694 2805 758 2875 oris,

59 2874 157 2940 adflictus
172 2885 259 2943 vitam
278 2885 307 2941 in
323 2886 446 2942 tenebris
462 2886 599 2963 luctuque
615 2885 767 2955 trahebam,

58 2970 79 3010 et
89 2978 165 3022 casum
180 2966 300 3023 insontis
315 2987 430 3023 mecum
446 2967 611 3040 indignabar
625 2966 718 3023 amici.

59 3053 97 3124 lec
109 3047 172 3103 tacui
186 3047 306 3104 demens
322 3071 330 3116 ;
352 3064 380 3105 ct
395 3069 450 3117 me,
467 3049 522 3103 fors
540 3048 561 3102 si
578 3068 631 3124 qua
647 3047 763 3113 tulisset,

58 3134 73 3169 ⁵1
85 3126 164 3192 patrios
179 3149 319 3206 umquam
334 3149 501 3185 remeassem
517 3128 606 3184 victor
622 3127 655 3183 ad
670 3128 767 3200 Argos,

213 3267 218 3275 ,
260 3221 293 3277 76
310 3222 412 3267 omitted.
448 3222 478 3281 89
497 3221 609 3271 conciliis.
