2002 3614
340 150 505 242 Auumuos
523 193 585 242 LIB.
603 194 641 242 vl

79 322 329 399 postquam'illum
343 321 401 379 vita
414 322 506 380 victor
521 322 651 399 spoliavit
664 322 804 393 Achilles,

79 403 225 461 Dardanio
240 404 355 460 Aeneae
370 423 427 460 sese
443 402 608 461 fortissimus
622 406 704 460 heros

78 483 223 541 addiderat
232 484 358 553 socium,
372 504 430 542 non
445 484 579 542 inferiora
593 501 714 542 secutus.
907 514 944 552 170

80 564 205 622 sedtum
221 565 294 622 forte
309 585 376 622 cava
389 565 460 622 dum
474 582 605 641 personat
620 586 739 642 aequora
754 567 873 635 concha,

79 646 207 714 demens,
222 662 251 703 et
266 661 351 703 cantu
367 661 448 703 vocat
462 645 493 703 in
509 647 664 704 certamina
678 646 766 715 divos,

79 727 208 783 aemulus
224 742 378 802 exceptum
394 726 508 797 Triton,
525 727 546 784 si
561 727 676 784 credere
690 726 810 800 dignum
824 742 874 796 est,

80 807 156 864 inter
171 827 236 864 saxa
249 806 343 864 virum
359 828 488 882 spumosa
502 807 669 865 inmerserat
684 807 769 864 unda.

80 907 146 962 ergo
160 907 259 945 omnes
275 907 378 963 magno
393 888 502 945 circum
518 889 640 946 clamore
656 888 823 959 fremebant,

79 968 234 1045 praecipue
248 968 311 1045 pius
325 970 446 1026 Aeneas.
488 985 551 1027 tum
566 969 638 1026 iussa
653 968 786 1044 Sibyllae,

79 1048 157 1105 haud
171 1069 259 1118 mora,
274 1048 410 1106 festinant
424 1049 524 1107 flentes
539 1070 670 1126 aramque
685 1049 826 1126 sepulchri

79 1149 234 1204 congerere
249 1129 394 1187 arboribus
409 1131 545 1208 caeloque
560 1131 681 1188 educere
696 1145 815 1187 certant.

79 1210 137 1266 itur
151 1210 181 1267 in
197 1209 344 1288 antiquam
360 1211 467 1281 silvam,
483 1211 592 1268 stabula
606 1212 662 1268 alta
676 1210 818 1278 ferarum3

79 1290 276 1365 procumbunt
290 1291 406 1366 piceae;
427 1308 506 1348 sonat
521 1292 578 1349 icta
592 1291 737 1348 securibus
751 1290 827 1357 ilex;
910 1307 946 1347 180

80 1371 282 1448 fraxineaeque
298 1372 388 1429 trabes
403 1373 502 1429 cuneis
517 1389 545 1429 et
559 1372 643 1429 fissile
658 1372 743 1428 robur

79 1450 240 1521 scinditur3
262 1452 418 1510 advolvunt
432 1453 562 1528 ingentes
578 1452 723 1510 montibus
738 1472 828 1509 ornos.

80 1552 210 1590 necnon
225 1533 336 1590 Aeneas
351 1553 435 1609 opera
448 1533 523 1591 inter
537 1534 603 1590 talia
618 1533 726 1610 primus

80 1614 212 1670 hortatur
227 1612 315 1670 socios
330 1613 500 1691 paribusque
516 1614 675 1688 accingitur
689 1613 781 1670 armis.

81 1709 165 1771 atque
180 1695 251 1751 haec
267 1693 325 1770 ipse
340 1715 391 1751 suo
405 1694 476 1753 tristi
492 1714 560 1752 cum
575 1695 659 1752 corde
674 1695 792 1763 volutat,

81 1791 228 1851 aspectans
242 1774 340 1832 silvam
355 1775 524 1845 inmensam,
540 1791 567 1833 et
582 1775 620 1835 sic
636 1775 708 1832 forte
724 1790 871 1850 precatur:

64 1855 103 1911 ‘si
119 1875 199 1913 nunc
215 1875 244 1912 se
259 1855 340 1912 nobis
355 1855 404 1913 ille
420 1877 519 1914 aureus
535 1856 632 1913 arbore
646 1876 739 1912 ramus

82 1935 213 1993 ostendat
228 1955 343 1993 nemore
359 1935 388 1993 in
405 1936 500 1995 tanto!
524 1936 639 2013 quando
653 1935 748 1993 omnia
762 1956 826 1992 vere

82 2017 137 2073 heu
153 2015 278 2073 nimium
292 2016 328 2074 de
344 2032 370 2073 te
386 2033 470 2087 vates,
487 2017 612 2085 Misene‚
627 2017 722 2074 locuta
736 2016 794 2073 est?
931 2072 936 2082 ,

81 2097 128 2152 vix
144 2116 177 2154 ea
191 2097 266 2154 fatus
281 2113 347 2166 erat,
362 2097 492 2172 geminae
508 2118 575 2155 cum
590 2098 662 2155 forte
677 2096 826 2154 columbae
909 2124 946 2162 190

83 2176 141 2253 ipsa
156 2177 210 2235 sub
225 2198 273 2234 ora
286 2177 339 2234 viri
356 2178 434 2235 caelo
448 2198 552 2235 venere
568 2180 694 2236 volantes

83 2274 111 2314 et
124 2258 208 2315 viridi
225 2258 321 2316 sedere
336 2258 404 2316 solo,
447 2275 509 2316 tum
524 2259 664 2315 maximus
679 2260 758 2314 heros

83 2354 222 2395 maternas
238 2338 382 2412 adgnoscit
397 2360 470 2408 aves,
487 2341 633 2416 laetusque
648 2354 795 2416 precatur:

64 2424 141 2475 ‘este
156 2418 255 2488 duces,
270 2441 296 2489 0,
311 2419 332 2476 si
348 2440 404 2496 qua
418 2420 464 2476 via
478 2436 527 2490 est,
544 2440 715 2496 cursumque
731 2440 780 2494 per
795 2439 873 2475 auras

83 2498 203 2574 derigite
218 2499 248 2556 in
264 2500 352 2569 lucos,
368 2499 417 2557 ubi
433 2501 570 2576 pinguem
586 2501 662 2557 dives
677 2515 775 2575 opacat

84 2601 176 2637 ramus
192 2581 323 2638 humum.
366 2597 453 2658 tuque
469 2602 486 2637 ο
501 2581 593 2638 dubiis
608 2602 644 2637 ne
660 2580 748 2637 defice
764 2579 856 2647 rebus,

83 2660 147 2717 diva
162 2658 280 2736 parens.’
322 2660 361 2718 sic
377 2661 476 2719 effatus
492 2661 607 2736 vestigia
622 2661 720 2737 pressit

83 2741 241 2810 observans,
256 2762 328 2818 quae
343 2741 421 2816 signa
434 2742 536 2811 ferant,
551 2763 608 2818 quo
624 2741 738 2799 tendere
755 2755 881 2815 pergant.

83 2837 229 2897 pascentes
244 2821 310 2879 illae
325 2839 438 2880 tantum
452 2823 565 2899 prodire
581 2822 712 2891 volando,

83 2918 225 2978 quantum
240 2902 299 2959 acie
314 2919 427 2978 possent
441 2903 518 2960 oculi
534 2924 642 2960 servare
657 2917 838 2979 sequentum.
910 2929 947 2955 κω

83 2983 150 3040 inde
167 2983 215 3040 ubi
231 3003 335 3040 venere
350 2983 384 3040 ad
399 2984 494 3041 fauces
508 3003 591 3057 grave
606 2983 708 3041 olentis
724 2981 842 3051 Averni,

83 3065 191 3122 tollunt
206 3085 235 3121 se
250 3064 356 3121 celeres
371 3064 570 3141 liquidumque
586 3087 635 3140 per
651 3073 711 3121 aera
726 3065 817 3138 lapsae

82 3145 194 3202 sedibus
209 3144 313 3220 optatis
327 3145 441 3217 gemina
455 3166 537 3221 super
552 3146 648 3201 arbore
664 3144 770 3213 sidunt,

214 3252 257 3297 ¹77
275 3236 404 3296 sepulchro.
440 3214 484 3283 *6
503 3256 565 3284 voce.
612 3253 657 3297 203
671 3237 780 3296 geminae.
