<?xml version="1.0" encoding="UTF-8"?>
<!DOCTYPE html PUBLIC "-//W3C//DTD XHTML 1.0 Transitional//EN"
    "http://www.w3.org/TR/xhtml1/DTD/xhtml1-transitional.dtd">
<html xmlns="http://www.w3.org/1999/xhtml" xml:lang="en" lang="en">
 <head>
  <title>
</title>
<meta http-equiv="Content-Type" content="text/html;charset=utf-8" />
  <meta name='ocr-system' content='tesseract 3.04.00' />
  <meta name='ocr-capabilities' content='ocr_page ocr_carea ocr_par ocr_line ocrx_word'/>
</head>
<body>
  <div class='ocr_page' id='page_1' title='image "aeneidvirgilboo00pagegoog_0073.png"; bbox 0 0 2002 3614; ppageno 0'>
   <div class='ocr_carea' id='block_1_1' title="bbox 69 186 701 253">
    <p class='ocr_par' dir='ltr' id='par_1_1' title="bbox 69 186 701 253">
     <span class='ocr_line' id='line_1_1' title="bbox 69 186 701 253; baseline -0.002 -16"><span class='ocrx_word' id='word_1_1' title='bbox 69 191 98 253; x_wconf 80' lang='lat'>38</span> <span class='ocrx_word' id='word_1_2' title='bbox 341 190 367 237; x_wconf 91' lang='lat' dir='ltr'>P.</span> <span class='ocrx_word' id='word_1_3' title='bbox 385 187 525 237; x_wconf 85' lang='lat' dir='ltr'>VERGILI</span> <span class='ocrx_word' id='word_1_4' title='bbox 544 186 701 236; x_wconf 84' lang='lat' dir='ltr'>MARONIS</span> 
     </span>
    </p>
   </div>
   <div class='ocr_carea' id='block_1_2' title="bbox 86 319 953 3293">
    <p class='ocr_par' dir='ltr' id='par_1_2' title="bbox 107 319 811 396">
     <span class='ocr_line' id='line_1_2' title="bbox 107 319 811 396; baseline 0 -19"><span class='ocrx_word' id='word_1_5' title='bbox 107 319 263 396; x_wconf 88' lang='lat' dir='ltr'>porticibus</span> <span class='ocrx_word' id='word_1_6' title='bbox 277 320 368 393; x_wconf 90' lang='lat' dir='ltr'>longis</span> <span class='ocrx_word' id='word_1_7' title='bbox 382 320 465 394; x_wconf 80' lang='lat' dir='ltr'>fugit,</span> <span class='ocrx_word' id='word_1_8' title='bbox 480 335 508 378; x_wconf 91' lang='lat' dir='ltr'>et</span> <span class='ocrx_word' id='word_1_9' title='bbox 523 339 611 377; x_wconf 87' lang='lat' dir='ltr'>vacua</span> <span class='ocrx_word' id='word_1_10' title='bbox 626 319 695 376; x_wconf 87' lang='lat' dir='ltr'>atria</span> <span class='ocrx_word' id='word_1_11' title='bbox 709 320 811 377; x_wconf 89' lang='lat' dir='ltr'>lustrat</span> 
     </span>
    </p>

    <p class='ocr_par' dir='ltr' id='par_1_3' title="bbox 108 399 953 715">
     <span class='ocr_line' id='line_1_3' title="bbox 108 399 953 476; baseline 0 -19"><span class='ocrx_word' id='word_1_12' title='bbox 108 400 226 457; x_wconf 89' lang='lat' dir='ltr'>saucius.</span> <span class='ocrx_word' id='word_1_13' title='bbox 269 400 352 457; x_wconf 91' lang='lat' dir='ltr'>illum</span> <span class='ocrx_word' id='word_1_14' title='bbox 366 400 467 458; x_wconf 87' lang='lat' dir='ltr'>ardens</span> <span class='ocrx_word' id='word_1_15' title='bbox 481 399 585 456; x_wconf 89' lang='lat' dir='ltr'>infesto</span> <span class='ocrx_word' id='word_1_16' title='bbox 599 400 719 457; x_wconf 89' lang='lat' dir='ltr'>vulnere</span> <span class='ocrx_word' id='word_1_17' title='bbox 735 399 862 476; x_wconf 86' lang='lat' dir='ltr'>Pyrrhus</span> <span class='ocrx_word' id='word_1_18' title='bbox 929 428 953 466; x_wconf 74' lang='lat' dir='ltr'>ss</span> 
     </span>
     <span class='ocr_line' id='line_1_4' title="bbox 108 480 925 558; baseline 0 -21"><span class='ocrx_word' id='word_1_19' title='bbox 108 481 274 558; x_wconf 86' lang='lat' dir='ltr'>insequitur,</span> <span class='ocrx_word' id='word_1_20' title='bbox 290 480 346 537; x_wconf 89' lang='lat' dir='ltr'>iam</span> <span class='ocrx_word' id='word_1_21' title='bbox 361 480 472 557; x_wconf 89' lang='lat' dir='ltr'>iamque</span> <span class='ocrx_word' id='word_1_22' title='bbox 487 500 573 537; x_wconf 89' lang='lat' dir='ltr'>manu</span> <span class='ocrx_word' id='word_1_23' title='bbox 589 496 667 537; x_wconf 90' lang='lat' dir='ltr'>tenet</span> <span class='ocrx_word' id='word_1_24' title='bbox 682 495 710 538; x_wconf 92' lang='lat' dir='ltr'>et</span> <span class='ocrx_word' id='word_1_25' title='bbox 724 481 831 556; x_wconf 90' lang='lat' dir='ltr'>premit</span> <span class='ocrx_word' id='word_1_26' title='bbox 845 483 925 538; x_wconf 89' lang='lat' dir='ltr'>hasta.</span> 
     </span>
     <span class='ocr_line' id='line_1_5' title="bbox 109 560 844 636; baseline 0.001 -18"><span class='ocrx_word' id='word_1_27' title='bbox 109 578 139 618; x_wconf 92' lang='lat' dir='ltr'>ut</span> <span class='ocrx_word' id='word_1_28' title='bbox 155 561 270 618; x_wconf 88' lang='lat' dir='ltr'>tandem</span> <span class='ocrx_word' id='word_1_29' title='bbox 285 577 350 619; x_wconf 90' lang='lat' dir='ltr'>ante</span> <span class='ocrx_word' id='word_1_30' title='bbox 364 562 461 618; x_wconf 90' lang='lat' dir='ltr'>oculos</span> <span class='ocrx_word' id='word_1_31' title='bbox 477 560 562 618; x_wconf 88' lang='lat' dir='ltr'>evasit</span> <span class='ocrx_word' id='word_1_32' title='bbox 577 578 605 618; x_wconf 94' lang='lat' dir='ltr'>et</span> <span class='ocrx_word' id='word_1_33' title='bbox 620 582 667 618; x_wconf 90' lang='lat' dir='ltr'>ora</span> <span class='ocrx_word' id='word_1_34' title='bbox 681 578 844 636; x_wconf 90' lang='lat' dir='ltr'>parentum,</span> 
     </span>
     <span class='ocr_line' id='line_1_6' title="bbox 108 641 832 715; baseline 0.001 -17"><span class='ocrx_word' id='word_1_35' title='bbox 108 641 242 711; x_wconf 85' lang='lat' dir='ltr'>concidit,</span> <span class='ocrx_word' id='word_1_36' title='bbox 259 662 289 699; x_wconf 90' lang='lat' dir='ltr'>ac</span> <span class='ocrx_word' id='word_1_37' title='bbox 305 642 397 699; x_wconf 90' lang='lat' dir='ltr'>multo</span> <span class='ocrx_word' id='word_1_38' title='bbox 411 641 498 698; x_wconf 89' lang='lat' dir='ltr'>vitam</span> <span class='ocrx_word' id='word_1_39' title='bbox 513 661 579 698; x_wconf 90' lang='lat' dir='ltr'>cum</span> <span class='ocrx_word' id='word_1_40' title='bbox 595 641 731 715; x_wconf 90' lang='lat' dir='ltr'>sanguine</span> <span class='ocrx_word' id='word_1_41' title='bbox 747 643 832 700; x_wconf 88' lang='lat' dir='ltr'>fudit.</span> 
     </span>
    </p>

    <p class='ocr_par' dir='ltr' id='par_1_4' title="bbox 108 721 948 879">
     <span class='ocr_line' id='line_1_7' title="bbox 108 721 948 799; baseline -0.002 -20"><span class='ocrx_word' id='word_1_42' title='bbox 108 722 154 779; x_wconf 91' lang='lat' dir='ltr'>hic</span> <span class='ocrx_word' id='word_1_43' title='bbox 172 722 306 790; x_wconf 78' lang='lat' dir='ltr'><strong>Priamus,</strong></span> <span class='ocrx_word' id='word_1_44' title='bbox 322 742 493 799; x_wconf 90' lang='lat' dir='ltr'>quamquam</span> <span class='ocrx_word' id='word_1_45' title='bbox 507 721 536 778; x_wconf 93' lang='lat' dir='ltr'>in</span> <span class='ocrx_word' id='word_1_46' title='bbox 553 722 646 780; x_wconf 89' lang='lat' dir='ltr'>media</span> <span class='ocrx_word' id='word_1_47' title='bbox 660 721 716 779; x_wconf 89' lang='lat' dir='ltr'>iam</span> <span class='ocrx_word' id='word_1_48' title='bbox 731 738 824 780; x_wconf 90' lang='lat' dir='ltr'>morte</span> <span class='ocrx_word' id='word_1_49' title='bbox 840 740 948 789; x_wconf 83' lang='lat' dir='ltr'>tenetur,</span> 
     </span>
     <span class='ocr_line' id='line_1_8' title="bbox 109 801 866 879; baseline 0.004 -21"><span class='ocrx_word' id='word_1_50' title='bbox 109 822 166 859; x_wconf 91' lang='lat' dir='ltr'>non</span> <span class='ocrx_word' id='word_1_51' title='bbox 182 819 276 859; x_wconf 89' lang='lat' dir='ltr'>tamen</span> <span class='ocrx_word' id='word_1_52' title='bbox 292 801 436 872; x_wconf 85' lang='lat' dir='ltr'>abstinuit,</span> <span class='ocrx_word' id='word_1_53' title='bbox 451 822 504 859; x_wconf 89' lang='lat' dir='ltr'>nec</span> <span class='ocrx_word' id='word_1_54' title='bbox 521 802 583 858; x_wconf 92' lang='lat' dir='ltr'>voci</span> <span class='ocrx_word' id='word_1_55' title='bbox 599 802 712 878; x_wconf 85' lang='lat' dir='ltr'>iraeque</span> <span class='ocrx_word' id='word_1_56' title='bbox 726 803 866 879; x_wconf 89' lang='lat' dir='ltr'>pepercit.</span> 
     </span>
    </p>

    <p class='ocr_par' dir='ltr' id='par_1_5' title="bbox 90 881 868 959">
     <span class='ocr_line' id='line_1_9' title="bbox 90 881 868 959; baseline 0.001 -19"><span class='ocrx_word' id='word_1_57' title='bbox 90 890 136 940; x_wconf 87' lang='lat' dir='ltr'>‘at</span> <span class='ocrx_word' id='word_1_58' title='bbox 151 883 203 940; x_wconf 88' lang='lat' dir='ltr'>tibi</span> <span class='ocrx_word' id='word_1_59' title='bbox 218 904 268 959; x_wconf 91' lang='lat' dir='ltr'>pro</span> <span class='ocrx_word' id='word_1_60' title='bbox 283 881 406 951; x_wconf 89' lang='lat' dir='ltr'>scelere,&#39;</span> <span class='ocrx_word' id='word_1_61' title='bbox 421 883 569 950; x_wconf 87' lang='lat' dir='ltr'>exclamat,</span> <span class='ocrx_word' id='word_1_62' title='bbox 585 888 594 913; x_wconf 90' lang='lat'>‘</span> <span class='ocrx_word' id='word_1_63' title='bbox 603 903 654 957; x_wconf 91' lang='lat' dir='ltr'>pro</span> <span class='ocrx_word' id='word_1_64' title='bbox 670 882 772 940; x_wconf 88' lang='lat' dir='ltr'>talibus</span> <span class='ocrx_word' id='word_1_65' title='bbox 788 884 868 952; x_wconf 90' lang='lat' dir='ltr'>ausis,</span> 
     </span>
    </p>

    <p class='ocr_par' dir='ltr' id='par_1_6' title="bbox 108 962 812 1120">
     <span class='ocr_line' id='line_1_10' title="bbox 109 962 788 1041; baseline 0 -21"><span class='ocrx_word' id='word_1_66' title='bbox 109 963 147 1033; x_wconf 94' lang='lat' dir='ltr'>di,</span> <span class='ocrx_word' id='word_1_67' title='bbox 162 962 183 1019; x_wconf 87' lang='lat' dir='ltr'>si</span> <span class='ocrx_word' id='word_1_68' title='bbox 199 984 254 1041; x_wconf 88' lang='lat' dir='ltr'>qua</span> <span class='ocrx_word' id='word_1_69' title='bbox 268 978 309 1020; x_wconf 93' lang='lat' dir='ltr'>est</span> <span class='ocrx_word' id='word_1_70' title='bbox 324 964 403 1020; x_wconf 86' lang='lat' dir='ltr'>caelo</span> <span class='ocrx_word' id='word_1_71' title='bbox 417 963 513 1038; x_wconf 90' lang='lat' dir='ltr'>pietas,</span> <span class='ocrx_word' id='word_1_72' title='bbox 530 982 600 1039; x_wconf 90' lang='lat' dir='ltr'>quae</span> <span class='ocrx_word' id='word_1_73' title='bbox 616 962 681 1019; x_wconf 90' lang='lat' dir='ltr'>talia</span> <span class='ocrx_word' id='word_1_74' title='bbox 696 979 788 1032; x_wconf 82' lang='lat' dir='ltr'>curet,</span> 
     </span>
     <span class='ocr_line' id='line_1_11' title="bbox 108 1043 812 1120; baseline 0.001 -20"><span class='ocrx_word' id='word_1_75' title='bbox 108 1044 271 1119; x_wconf 88' lang='lat' dir='ltr'>persolvant</span> <span class='ocrx_word' id='word_1_76' title='bbox 285 1059 374 1118; x_wconf 87' lang='lat' dir='ltr'>grates</span> <span class='ocrx_word' id='word_1_77' title='bbox 389 1044 493 1117; x_wconf 88' lang='lat' dir='ltr'>dignas,</span> <span class='ocrx_word' id='word_1_78' title='bbox 510 1059 538 1100; x_wconf 90' lang='lat' dir='ltr'>et</span> <span class='ocrx_word' id='word_1_79' title='bbox 552 1043 677 1120; x_wconf 86' lang='lat' dir='ltr'>praemia</span> <span class='ocrx_word' id='word_1_80' title='bbox 691 1044 812 1101; x_wconf 89' lang='lat' dir='ltr'>reddant</span> 
     </span>
    </p>

    <p class='ocr_par' dir='ltr' id='par_1_7' title="bbox 109 1123 757 1200">
     <span class='ocr_line' id='line_1_12' title="bbox 109 1123 757 1200; baseline 0.002 -20"><span class='ocrx_word' id='word_1_81' title='bbox 109 1123 212 1193; x_wconf 91' lang='lat' dir='ltr'>debita,</span> <span class='ocrx_word' id='word_1_82' title='bbox 227 1123 275 1200; x_wconf 91' lang='lat' dir='ltr'>qui</span> <span class='ocrx_word' id='word_1_83' title='bbox 291 1124 349 1180; x_wconf 88' lang='lat' dir='ltr'>nati</span> <span class='ocrx_word' id='word_1_84' title='bbox 365 1145 458 1181; x_wconf 88' lang='lat' dir='ltr'>coram</span> <span class='ocrx_word' id='word_1_85' title='bbox 473 1144 519 1180; x_wconf 92' lang='lat' dir='ltr'>me</span> <span class='ocrx_word' id='word_1_86' title='bbox 534 1142 650 1179; x_wconf 86' lang='lat' dir='ltr'>cernere</span> <span class='ocrx_word' id='word_1_87' title='bbox 666 1123 757 1189; x_wconf 87' lang='lat' dir='ltr'>letum</span> 
     </span>
    </p>

    <p class='ocr_par' dir='ltr' id='par_1_8' title="bbox 109 1203 737 1279">
     <span class='ocr_line' id='line_1_13' title="bbox 109 1203 737 1279; baseline 0.002 -19"><span class='ocrx_word' id='word_1_88' title='bbox 109 1204 212 1273; x_wconf 87' lang='lat' dir='ltr'>fecisti,</span> <span class='ocrx_word' id='word_1_89' title='bbox 227 1221 254 1261; x_wconf 91' lang='lat' dir='ltr'>et</span> <span class='ocrx_word' id='word_1_90' title='bbox 269 1204 370 1279; x_wconf 88' lang='lat' dir='ltr'>patrios</span> <span class='ocrx_word' id='word_1_91' title='bbox 386 1203 502 1261; x_wconf 90' lang='lat' dir='ltr'>foedasti</span> <span class='ocrx_word' id='word_1_92' title='bbox 518 1204 616 1260; x_wconf 85' lang='lat' dir='ltr'>funere</span> <span class='ocrx_word' id='word_1_93' title='bbox 632 1204 737 1261; x_wconf 89' lang='lat' dir='ltr'>vultus.</span> 
     </span>
    </p>

    <p class='ocr_par' dir='ltr' id='par_1_9' title="bbox 109 1283 953 1601">
     <span class='ocr_line' id='line_1_14' title="bbox 109 1283 953 1360; baseline 0.007 -20"><span class='ocrx_word' id='word_1_94' title='bbox 109 1300 137 1340; x_wconf 92' lang='lat' dir='ltr'>at</span> <span class='ocrx_word' id='word_1_95' title='bbox 151 1304 208 1340; x_wconf 93' lang='lat' dir='ltr'>non</span> <span class='ocrx_word' id='word_1_96' title='bbox 223 1284 281 1353; x_wconf 89' lang='lat' dir='ltr'>ille,</span> <span class='ocrx_word' id='word_1_97' title='bbox 298 1301 387 1341; x_wconf 90' lang='lat' dir='ltr'>satum</span> <span class='ocrx_word' id='word_1_98' title='bbox 403 1305 459 1360; x_wconf 91' lang='lat' dir='ltr'>quo</span> <span class='ocrx_word' id='word_1_99' title='bbox 474 1300 501 1340; x_wconf 88' lang='lat' dir='ltr'>te</span> <span class='ocrx_word' id='word_1_100' title='bbox 517 1283 651 1352; x_wconf 89' lang='lat' dir='ltr'>mentiris,</span> <span class='ocrx_word' id='word_1_101' title='bbox 666 1284 796 1342; x_wconf 87' lang='lat' dir='ltr'>Achilles</span> <span class='ocrx_word' id='word_1_102' title='bbox 928 1309 953 1346; x_wconf 75' lang='lat' dir='ltr'>st&lt;</span> 
     </span>
     <span class='ocr_line' id='line_1_15' title="bbox 110 1363 830 1443; baseline 0.001 -22"><span class='ocrx_word' id='word_1_103' title='bbox 110 1364 172 1421; x_wconf 84' lang='lat' dir='ltr'>talis</span> <span class='ocrx_word' id='word_1_104' title='bbox 186 1365 216 1421; x_wconf 95' lang='lat' dir='ltr'>in</span> <span class='ocrx_word' id='word_1_105' title='bbox 230 1365 309 1421; x_wconf 90' lang='lat' dir='ltr'>hoste</span> <span class='ocrx_word' id='word_1_106' title='bbox 324 1365 379 1421; x_wconf 86' lang='lat' dir='ltr'>fuit</span> <span class='ocrx_word' id='word_1_107' title='bbox 395 1365 505 1421; x_wconf 87' lang='lat' dir='ltr'>Priamo</span> <span class='ocrx_word' id='word_1_108' title='bbox 518 1389 527 1433; x_wconf 92' lang='lat'>;</span> <span class='ocrx_word' id='word_1_109' title='bbox 548 1364 596 1420; x_wconf 92' lang='lat' dir='ltr'>sed</span> <span class='ocrx_word' id='word_1_110' title='bbox 610 1364 671 1420; x_wconf 89' lang='lat' dir='ltr'>iura</span> <span class='ocrx_word' id='word_1_111' title='bbox 685 1363 830 1443; x_wconf 89' lang='lat' dir='ltr'>fidemque</span> 
     </span>
     <span class='ocr_line' id='line_1_16' title="bbox 110 1444 880 1522; baseline 0.004 -22"><span class='ocrx_word' id='word_1_112' title='bbox 110 1445 243 1520; x_wconf 91' lang='lat' dir='ltr'>supplicis</span> <span class='ocrx_word' id='word_1_113' title='bbox 259 1444 380 1514; x_wconf 90' lang='lat' dir='ltr'>erubuit,</span> <span class='ocrx_word' id='word_1_114' title='bbox 395 1464 552 1521; x_wconf 87' lang='lat' dir='ltr'>corpusque</span> <span class='ocrx_word' id='word_1_115' title='bbox 567 1464 709 1519; x_wconf 83' lang='lat' dir='ltr'>exsangue</span> <span class='ocrx_word' id='word_1_116' title='bbox 725 1446 880 1522; x_wconf 88' lang='lat' dir='ltr'>sepulchro</span> 
     </span>
     <span class='ocr_line' id='line_1_17' title="bbox 110 1524 913 1601; baseline 0.001 -20"><span class='ocrx_word' id='word_1_117' title='bbox 110 1525 231 1582; x_wconf 91' lang='lat' dir='ltr'>reddidit</span> <span class='ocrx_word' id='word_1_118' title='bbox 246 1525 433 1593; x_wconf 86' lang='lat' dir='ltr'>Hectoreum,</span> <span class='ocrx_word' id='word_1_119' title='bbox 450 1545 552 1601; x_wconf 89' lang='lat' dir='ltr'>meque</span> <span class='ocrx_word' id='word_1_120' title='bbox 567 1525 597 1580; x_wconf 93' lang='lat' dir='ltr'>in</span> <span class='ocrx_word' id='word_1_121' title='bbox 613 1545 676 1581; x_wconf 90' lang='lat' dir='ltr'>mea</span> <span class='ocrx_word' id='word_1_122' title='bbox 690 1546 777 1600; x_wconf 88' lang='lat' dir='ltr'>regna</span> <span class='ocrx_word' id='word_1_123' title='bbox 792 1524 913 1584; x_wconf 89' lang='lat' dir='ltr'>remisit.&#39;</span> 
     </span>
    </p>

    <p class='ocr_par' dir='ltr' id='par_1_10' title="bbox 86 1604 787 1682">
     <span class='ocr_line' id='line_1_18' title="bbox 86 1604 787 1682; baseline 0.004 -21"><span class='ocrx_word' id='word_1_124' title='bbox 86 1606 88 1610; x_wconf 79' lang='grc'><strong>’</strong></span> <span class='ocrx_word' id='word_1_125' title='bbox 110 1605 148 1661; x_wconf 87' lang='lat' dir='ltr'>sic</span> <span class='ocrx_word' id='word_1_126' title='bbox 164 1605 235 1661; x_wconf 89' lang='lat' dir='ltr'>fatus</span> <span class='ocrx_word' id='word_1_127' title='bbox 249 1605 350 1672; x_wconf 89' lang='lat' dir='ltr'>senior,</span> <span class='ocrx_word' id='word_1_128' title='bbox 367 1606 513 1682; x_wconf 90' lang='lat' dir='ltr'>telumque</span> <span class='ocrx_word' id='word_1_129' title='bbox 528 1605 636 1662; x_wconf 84' lang='lat' dir='ltr'>inbelle</span> <span class='ocrx_word' id='word_1_130' title='bbox 651 1604 710 1662; x_wconf 89' lang='lat' dir='ltr'>sine</span> <span class='ocrx_word' id='word_1_131' title='bbox 726 1606 787 1664; x_wconf 91' lang='lat' dir='ltr'>ictu</span> 
     </span>
    </p>

    <p class='ocr_par' dir='ltr' id='par_1_11' title="bbox 110 1685 827 1763">
     <span class='ocr_line' id='line_1_19' title="bbox 110 1685 827 1763; baseline 0.004 -21"><span class='ocrx_word' id='word_1_132' title='bbox 110 1685 244 1755; x_wconf 90' lang='lat' dir='ltr'>coniecit,</span> <span class='ocrx_word' id='word_1_133' title='bbox 259 1705 344 1742; x_wconf 89' lang='lat' dir='ltr'>rauco</span> <span class='ocrx_word' id='word_1_134' title='bbox 359 1686 434 1762; x_wconf 91' lang='lat' dir='ltr'>quod</span> <span class='ocrx_word' id='word_1_135' title='bbox 447 1685 576 1761; x_wconf 91' lang='lat' dir='ltr'>protinus</span> <span class='ocrx_word' id='word_1_136' title='bbox 591 1706 654 1743; x_wconf 89' lang='lat' dir='ltr'>aere</span> <span class='ocrx_word' id='word_1_137' title='bbox 668 1687 827 1763; x_wconf 88' lang='lat' dir='ltr'>repulsum,</span> 
     </span>
    </p>

    <p class='ocr_par' dir='ltr' id='par_1_12' title="bbox 110 1765 856 1843">
     <span class='ocr_line' id='line_1_20' title="bbox 110 1765 856 1843; baseline 0.004 -21"><span class='ocrx_word' id='word_1_138' title='bbox 110 1782 138 1822; x_wconf 92' lang='lat' dir='ltr'>et</span> <span class='ocrx_word' id='word_1_139' title='bbox 153 1786 263 1822; x_wconf 90' lang='lat' dir='ltr'>summo</span> <span class='ocrx_word' id='word_1_140' title='bbox 278 1765 363 1843; x_wconf 89' lang='lat' dir='ltr'>clipei</span> <span class='ocrx_word' id='word_1_141' title='bbox 379 1766 552 1842; x_wconf 90' lang='lat' dir='ltr'>nequiquam</span> <span class='ocrx_word' id='word_1_142' title='bbox 568 1765 692 1823; x_wconf 90' lang='lat' dir='ltr'>umbone</span> <span class='ocrx_word' id='word_1_143' title='bbox 706 1767 856 1842; x_wconf 90' lang='lat' dir='ltr'>pependit.</span> 
     </span>
    </p>

    <p class='ocr_par' dir='ltr' id='par_1_13' title="bbox 110 1846 953 2166">
     <span class='ocr_line' id='line_1_21' title="bbox 111 1846 880 1921; baseline 0.001 -18"><span class='ocrx_word' id='word_1_144' title='bbox 111 1846 156 1903; x_wconf 89' lang='lat' dir='ltr'>cui</span> <span class='ocrx_word' id='word_1_145' title='bbox 174 1847 316 1921; x_wconf 87' lang='lat' dir='ltr'>Pyrrhus:</span> <span class='ocrx_word' id='word_1_146' title='bbox 340 1847 459 1903; x_wconf 87' lang='lat' dir='ltr'>‘referes</span> <span class='ocrx_word' id='word_1_147' title='bbox 475 1865 540 1919; x_wconf 90' lang='lat' dir='ltr'>ergo</span> <span class='ocrx_word' id='word_1_148' title='bbox 554 1848 635 1915; x_wconf 89' lang='lat' dir='ltr'>haec,</span> <span class='ocrx_word' id='word_1_149' title='bbox 650 1863 678 1903; x_wconf 91' lang='lat' dir='ltr'>et</span> <span class='ocrx_word' id='word_1_150' title='bbox 693 1847 812 1904; x_wconf 88' lang='lat' dir='ltr'>nuntius</span> <span class='ocrx_word' id='word_1_151' title='bbox 828 1847 880 1905; x_wconf 93' lang='lat' dir='ltr'>ibis</span> 
     </span>
     <span class='ocr_line' id='line_1_22' title="bbox 112 1925 713 2000; baseline 0 -17"><span class='ocrx_word' id='word_1_152' title='bbox 112 1926 224 1983; x_wconf 88' lang='lat' dir='ltr'>Pelidae</span> <span class='ocrx_word' id='word_1_153' title='bbox 239 1926 359 2000; x_wconf 90' lang='lat' dir='ltr'>genitori</span> <span class='ocrx_word' id='word_1_154' title='bbox 373 1952 381 1996; x_wconf 90' lang='lat'>;</span> <span class='ocrx_word' id='word_1_155' title='bbox 403 1926 445 1983; x_wconf 92' lang='lat' dir='ltr'>illi</span> <span class='ocrx_word' id='word_1_156' title='bbox 461 1947 523 1982; x_wconf 88' lang='lat' dir='ltr'>mea</span> <span class='ocrx_word' id='word_1_157' title='bbox 538 1925 625 1983; x_wconf 91' lang='lat' dir='ltr'>tristia</span> <span class='ocrx_word' id='word_1_158' title='bbox 641 1927 713 1983; x_wconf 89' lang='lat' dir='ltr'>facta</span> 
     </span>
     <span class='ocr_line' id='line_1_23' title="bbox 110 2007 873 2083; baseline 0.005 -21"><span class='ocrx_word' id='word_1_159' title='bbox 110 2007 334 2083; x_wconf 85' lang='lat' dir='ltr'>degeneremque</span> <span class='ocrx_word' id='word_1_160' title='bbox 350 2007 575 2082; x_wconf 90' lang='lat' dir='ltr'>Neoptolemum</span> <span class='ocrx_word' id='word_1_161' title='bbox 590 2027 700 2063; x_wconf 89' lang='lat' dir='ltr'>narrare</span> <span class='ocrx_word' id='word_1_162' title='bbox 716 2026 873 2067; x_wconf 90' lang='lat' dir='ltr'>memento.</span> 
     </span>
     <span class='ocr_line' id='line_1_24' title="bbox 111 2085 953 2166; baseline -0.002 -22"><span class='ocrx_word' id='word_1_163' title='bbox 111 2108 189 2144; x_wconf 89' lang='lat' dir='ltr'>nunc</span> <span class='ocrx_word' id='word_1_164' title='bbox 223 2085 350 2144; x_wconf 89' lang='lat' dir='ltr'>morere.&#39;</span> <span class='ocrx_word' id='word_1_165' title='bbox 402 2089 455 2143; x_wconf 92' lang='lat' dir='ltr'>hoc</span> <span class='ocrx_word' id='word_1_166' title='bbox 489 2087 597 2156; x_wconf 89' lang='lat' dir='ltr'>dicens,</span> <span class='ocrx_word' id='word_1_167' title='bbox 625 2087 720 2144; x_wconf 89' lang='lat' dir='ltr'>altaria</span> <span class='ocrx_word' id='word_1_168' title='bbox 756 2089 791 2145; x_wconf 90' lang='lat' dir='ltr'>ad</span> <span class='ocrx_word' id='word_1_169' title='bbox 827 2089 884 2166; x_wconf 88' lang='lat' dir='ltr'>ipsa</span> <span class='ocrx_word' id='word_1_170' title='bbox 915 2099 953 2142; x_wconf 74' lang='lat' dir='ltr'>tre·</span> 
     </span>
    </p>

    <p class='ocr_par' dir='ltr' id='par_1_14' title="bbox 191 2184 953 2227">
     <span class='ocr_line' id='line_1_25' title="bbox 191 2184 953 2227; baseline 0 -3"><span class='ocrx_word' id='word_1_171' title='bbox 191 2184 317 2224; x_wconf 88' lang='lat' dir='ltr'>mentem</span> <span class='ocrx_word' id='word_1_172' title='bbox 931 2187 953 2227; x_wconf 56' lang='lat'>55*</span> 
     </span>
    </p>

    <p class='ocr_par' dir='ltr' id='par_1_15' title="bbox 110 2247 863 2485">
     <span class='ocr_line' id='line_1_26' title="bbox 111 2247 794 2324; baseline 0 -20"><span class='ocrx_word' id='word_1_173' title='bbox 111 2248 195 2304; x_wconf 87' lang='lat' dir='ltr'>traxit</span> <span class='ocrx_word' id='word_1_174' title='bbox 211 2265 239 2305; x_wconf 90' lang='lat' dir='ltr'>et</span> <span class='ocrx_word' id='word_1_175' title='bbox 253 2249 282 2304; x_wconf 90' lang='lat' dir='ltr'>in</span> <span class='ocrx_word' id='word_1_176' title='bbox 298 2248 389 2304; x_wconf 91' lang='lat' dir='ltr'>multo</span> <span class='ocrx_word' id='word_1_177' title='bbox 404 2248 559 2324; x_wconf 88' lang='lat' dir='ltr'>lapsantem</span> <span class='ocrx_word' id='word_1_178' title='bbox 576 2247 710 2321; x_wconf 87' lang='lat' dir='ltr'>sanguine</span> <span class='ocrx_word' id='word_1_179' title='bbox 725 2249 794 2317; x_wconf 89' lang='lat' dir='ltr'>nati,</span> 
     </span>
     <span class='ocr_line' id='line_1_27' title="bbox 110 2329 863 2405; baseline 0.003 -21"><span class='ocrx_word' id='word_1_180' title='bbox 110 2329 299 2405; x_wconf 91' lang='lat' dir='ltr'>inplicuitque</span> <span class='ocrx_word' id='word_1_181' title='bbox 315 2349 425 2386; x_wconf 86' lang='lat' dir='ltr'>comam</span> <span class='ocrx_word' id='word_1_182' title='bbox 441 2329 529 2397; x_wconf 85' lang='lat' dir='ltr'>laeva,</span> <span class='ocrx_word' id='word_1_183' title='bbox 543 2329 695 2403; x_wconf 88' lang='lat' dir='ltr'>dextraque</span> <span class='ocrx_word' id='word_1_184' title='bbox 711 2349 863 2386; x_wconf 87' lang='lat' dir='ltr'>coruscum</span> 
     </span>
     <span class='ocr_line' id='line_1_28' title="bbox 110 2408 811 2485; baseline -0.001 -19"><span class='ocrx_word' id='word_1_185' title='bbox 110 2409 213 2466; x_wconf 89' lang='lat' dir='ltr'>extulit</span> <span class='ocrx_word' id='word_1_186' title='bbox 228 2430 257 2466; x_wconf 92' lang='lat' dir='ltr'>ac</span> <span class='ocrx_word' id='word_1_187' title='bbox 275 2409 353 2466; x_wconf 89' lang='lat' dir='ltr'>lateri</span> <span class='ocrx_word' id='word_1_188' title='bbox 369 2410 471 2484; x_wconf 89' lang='lat' dir='ltr'>capulo</span> <span class='ocrx_word' id='word_1_189' title='bbox 486 2425 567 2465; x_wconf 89' lang='lat' dir='ltr'>tenus</span> <span class='ocrx_word' id='word_1_190' title='bbox 583 2408 689 2464; x_wconf 89' lang='lat' dir='ltr'>abdidit</span> <span class='ocrx_word' id='word_1_191' title='bbox 704 2429 811 2485; x_wconf 75' lang='lat' dir='ltr'>ensem,</span> 
     </span>
    </p>

    <p class='ocr_par' dir='ltr' id='par_1_16' title="bbox 110 2488 813 2557">
     <span class='ocr_line' id='line_1_29' title="bbox 110 2488 813 2557; baseline 0.001 -12"><span class='ocrx_word' id='word_1_192' title='bbox 110 2492 178 2546; x_wconf 90' lang='lat' dir='ltr'>haec</span> <span class='ocrx_word' id='word_1_193' title='bbox 196 2489 257 2545; x_wconf 85' lang='lat' dir='ltr'>finis</span> <span class='ocrx_word' id='word_1_194' title='bbox 275 2489 378 2546; x_wconf 91' lang='lat' dir='ltr'>Priami</span> <span class='ocrx_word' id='word_1_195' title='bbox 394 2491 537 2557; x_wconf 84' lang='lat' dir='ltr'>fatorum3</span> <span class='ocrx_word' id='word_1_196' title='bbox 558 2488 605 2545; x_wconf 92' lang='lat' dir='ltr'>hic</span> <span class='ocrx_word' id='word_1_197' title='bbox 622 2488 713 2545; x_wconf 87' lang='lat' dir='ltr'>exitus</span> <span class='ocrx_word' id='word_1_198' title='bbox 729 2488 813 2546; x_wconf 90' lang='lat' dir='ltr'>illum</span> 
     </span>
    </p>

    <p class='ocr_par' dir='ltr' id='par_1_17' title="bbox 110 2569 918 2888">
     <span class='ocr_line' id='line_1_30' title="bbox 110 2569 915 2644; baseline 0.001 -18"><span class='ocrx_word' id='word_1_199' title='bbox 110 2587 182 2626; x_wconf 89' lang='lat' dir='ltr'>sorte</span> <span class='ocrx_word' id='word_1_200' title='bbox 199 2570 273 2639; x_wconf 88' lang='lat' dir='ltr'>tulit,</span> <span class='ocrx_word' id='word_1_201' title='bbox 290 2569 407 2626; x_wconf 90' lang='lat' dir='ltr'>Troiam</span> <span class='ocrx_word' id='word_1_202' title='bbox 423 2570 569 2625; x_wconf 87' lang='lat' dir='ltr'>incensam</span> <span class='ocrx_word' id='word_1_203' title='bbox 585 2585 613 2625; x_wconf 89' lang='lat' dir='ltr'>et</span> <span class='ocrx_word' id='word_1_204' title='bbox 627 2569 755 2644; x_wconf 90' lang='lat' dir='ltr'>prolapsa</span> <span class='ocrx_word' id='word_1_205' title='bbox 770 2570 915 2628; x_wconf 88' lang='lat' dir='ltr'>videntem</span> 
     </span>
     <span class='ocr_line' id='line_1_31' title="bbox 112 2649 918 2726; baseline 0.001 -19"><span class='ocrx_word' id='word_1_206' title='bbox 112 2653 254 2724; x_wconf 86' lang='lat' dir='ltr'>Pergama,</span> <span class='ocrx_word' id='word_1_207' title='bbox 271 2666 312 2707; x_wconf 92' lang='lat' dir='ltr'>tot</span> <span class='ocrx_word' id='word_1_208' title='bbox 328 2649 470 2725; x_wconf 89' lang='lat' dir='ltr'>quondam</span> <span class='ocrx_word' id='word_1_209' title='bbox 485 2649 597 2725; x_wconf 92' lang='lat' dir='ltr'>populis</span> <span class='ocrx_word' id='word_1_210' title='bbox 613 2649 749 2725; x_wconf 89' lang='lat' dir='ltr'>terrisque</span> <span class='ocrx_word' id='word_1_211' title='bbox 764 2651 918 2726; x_wconf 90' lang='lat' dir='ltr'>superbum</span> 
     </span>
     <span class='ocr_line' id='line_1_32' title="bbox 110 2729 866 2804; baseline 0.003 -18"><span class='ocrx_word' id='word_1_212' title='bbox 110 2748 285 2804; x_wconf 87' lang='lat' dir='ltr'>regnatorem</span> <span class='ocrx_word' id='word_1_213' title='bbox 300 2730 394 2787; x_wconf 87' lang='lat' dir='ltr'>Asiae.</span> <span class='ocrx_word' id='word_1_214' title='bbox 436 2730 509 2787; x_wconf 90' lang='lat' dir='ltr'>iacet</span> <span class='ocrx_word' id='word_1_215' title='bbox 524 2730 623 2803; x_wconf 86' lang='lat' dir='ltr'>ingens</span> <span class='ocrx_word' id='word_1_216' title='bbox 639 2729 721 2786; x_wconf 93' lang='lat' dir='ltr'>litore</span> <span class='ocrx_word' id='word_1_217' title='bbox 736 2745 866 2801; x_wconf 88' lang='lat' dir='ltr'>truncus,</span> 
     </span>
     <span class='ocr_line' id='line_1_33' title="bbox 110 2809 902 2888; baseline 0.001 -21"><span class='ocrx_word' id='word_1_218' title='bbox 110 2813 294 2887; x_wconf 86' lang='lat' dir='ltr'>avulsumque</span> <span class='ocrx_word' id='word_1_219' title='bbox 311 2809 414 2867; x_wconf 86' lang='lat' dir='ltr'>umeris</span> <span class='ocrx_word' id='word_1_220' title='bbox 430 2826 522 2886; x_wconf 89' lang='lat' dir='ltr'>caput,</span> <span class='ocrx_word' id='word_1_221' title='bbox 539 2825 567 2866; x_wconf 88' lang='lat' dir='ltr'>et</span> <span class='ocrx_word' id='word_1_222' title='bbox 581 2809 641 2866; x_wconf 90' lang='lat' dir='ltr'>sine</span> <span class='ocrx_word' id='word_1_223' title='bbox 657 2809 774 2866; x_wconf 90' lang='lat' dir='ltr'>nomine</span> <span class='ocrx_word' id='word_1_224' title='bbox 790 2831 902 2888; x_wconf 88' lang='lat' dir='ltr'>corpus.</span> 
     </span>
    </p>

    <p class='ocr_par' dir='ltr' id='par_1_18' title="bbox 151 2889 892 2966">
     <span class='ocr_line' id='line_1_34' title="bbox 151 2889 892 2966; baseline 0.001 -18"><span class='ocrx_word' id='word_1_225' title='bbox 151 2909 177 2948; x_wconf 91' lang='lat' dir='ltr'>at</span> <span class='ocrx_word' id='word_1_226' title='bbox 192 2912 237 2948; x_wconf 91' lang='lat' dir='ltr'>me</span> <span class='ocrx_word' id='word_1_227' title='bbox 254 2908 314 2948; x_wconf 89' lang='lat' dir='ltr'>tum</span> <span class='ocrx_word' id='word_1_228' title='bbox 330 2891 454 2966; x_wconf 86' lang='lat' dir='ltr'>primum</span> <span class='ocrx_word' id='word_1_229' title='bbox 470 2911 565 2946; x_wconf 86' lang='lat' dir='ltr'>saevus</span> <span class='ocrx_word' id='word_1_230' title='bbox 581 2889 769 2948; x_wconf 87' lang='lat' dir='ltr'>circumstetit</span> <span class='ocrx_word' id='word_1_231' title='bbox 784 2893 892 2950; x_wconf 90' lang='lat' dir='ltr'>horror.</span> 
     </span>
    </p>

    <p class='ocr_par' dir='ltr' id='par_1_19' title="bbox 110 2970 953 3129">
     <span class='ocr_line' id='line_1_35' title="bbox 110 2970 953 3047; baseline -0.001 -19"><span class='ocrx_word' id='word_1_232' title='bbox 110 2972 231 3047; x_wconf 88' lang='lat' dir='ltr'>obstipui</span> <span class='ocrx_word' id='word_1_233' title='bbox 246 2997 255 3040; x_wconf 93' lang='lat'>;</span> <span class='ocrx_word' id='word_1_234' title='bbox 276 2971 362 3028; x_wconf 90' lang='lat' dir='ltr'>subiit</span> <span class='ocrx_word' id='word_1_235' title='bbox 378 2971 433 3027; x_wconf 92' lang='lat' dir='ltr'>cari</span> <span class='ocrx_word' id='word_1_236' title='bbox 449 2970 581 3045; x_wconf 89' lang='lat' dir='ltr'>genitoris</span> <span class='ocrx_word' id='word_1_237' title='bbox 597 2971 697 3043; x_wconf 89' lang='lat' dir='ltr'>imago,</span> <span class='ocrx_word' id='word_1_238' title='bbox 940 2987 953 3027; x_wconf 80' lang='grc'><strong><em>5</em></strong></span> 
     </span>
     <span class='ocr_line' id='line_1_36' title="bbox 110 3049 769 3129; baseline -0.006 -20"><span class='ocrx_word' id='word_1_239' title='bbox 110 3069 141 3109; x_wconf 90' lang='lat' dir='ltr'>ut</span> <span class='ocrx_word' id='word_1_240' title='bbox 157 3072 251 3125; x_wconf 87' lang='lat' dir='ltr'>regem</span> <span class='ocrx_word' id='word_1_241' title='bbox 266 3071 440 3129; x_wconf 88' lang='lat' dir='ltr'>aequaevum</span> <span class='ocrx_word' id='word_1_242' title='bbox 456 3050 563 3108; x_wconf 90' lang='lat' dir='ltr'>crudeli</span> <span class='ocrx_word' id='word_1_243' title='bbox 579 3051 696 3106; x_wconf 89' lang='lat' dir='ltr'>vulnere</span> <span class='ocrx_word' id='word_1_244' title='bbox 711 3049 769 3106; x_wconf 91' lang='lat' dir='ltr'>vidi</span> 
     </span>
    </p>

    <p class='ocr_par' dir='ltr' id='par_1_20' title="bbox 110 3130 775 3200">
     <span class='ocr_line' id='line_1_37' title="bbox 110 3130 775 3200; baseline -0.002 -13"><span class='ocrx_word' id='word_1_245' title='bbox 110 3134 197 3189; x_wconf 91' lang='lat' dir='ltr'>vitam</span> <span class='ocrx_word' id='word_1_246' title='bbox 213 3134 393 3189; x_wconf 90' lang='lat' dir='ltr'>exhalantem</span> <span class='ocrx_word' id='word_1_247' title='bbox 407 3156 415 3200; x_wconf 93' lang='lat'>;</span> <span class='ocrx_word' id='word_1_248' title='bbox 437 3131 523 3188; x_wconf 92' lang='lat' dir='ltr'>subiit</span> <span class='ocrx_word' id='word_1_249' title='bbox 538 3131 645 3189; x_wconf 90' lang='lat' dir='ltr'>deserta</span> <span class='ocrx_word' id='word_1_250' title='bbox 661 3130 775 3197; x_wconf 88' lang='lat' dir='ltr'>Creusa,</span> 
     </span>
    </p>

    <p class='ocr_par' dir='ltr' id='par_1_21' title="bbox 98 3209 697 3293">
     <span class='ocr_line' id='line_1_38' title="bbox 98 3209 697 3293; baseline -0.008 -23"><span class='ocrx_word' id='word_1_251' title='bbox 98 3231 130 3271; x_wconf 89' lang='lat' dir='ltr'>et</span> <span class='ocrx_word' id='word_1_252' title='bbox 144 3215 256 3293; x_wconf 84' lang='lat' dir='ltr'>direpta</span> <span class='ocrx_word' id='word_1_253' title='bbox 272 3215 385 3282; x_wconf 89' lang='lat' dir='ltr'>domus,</span> <span class='ocrx_word' id='word_1_254' title='bbox 402 3228 430 3270; x_wconf 93' lang='lat' dir='ltr'>et</span> <span class='ocrx_word' id='word_1_255' title='bbox 446 3211 524 3291; x_wconf 87' lang='lat' dir='ltr'>parvi</span> <span class='ocrx_word' id='word_1_256' title='bbox 539 3231 617 3269; x_wconf 77' lang='lat' dir='ltr'>casus</span> <span class='ocrx_word' id='word_1_257' title='bbox 631 3209 697 3266; x_wconf 83' lang='lat' dir='ltr'>luli.</span> 
     </span>
    </p>
   </div>
   <div class='ocr_carea' id='block_1_3' title="bbox 0 0 1009 3614">
    <p class='ocr_par' dir='ltr' id='par_1_22' title="bbox 0 0 1009 3614">
     <span class='ocr_line' id='line_1_39' title="bbox 0 0 1009 3614; baseline 0 0"><span class='ocrx_word' id='word_1_258' title='bbox 0 0 1009 3614; x_wconf 95' lang='lat' dir='ltr'> </span> 
     </span>
    </p>
   </div>
  </div>
 </body>
</html>
