2002 3614
357 196 523 244 AENEIDOS
541 197 604 245 LIB.
621 199 647 244 V

86 330 140 386 dat
155 348 274 386 numero
289 328 384 406 capita
399 328 429 385 in
446 349 551 398 naves3
573 328 708 386 adhibete
725 327 846 384 Penates

88 425 118 466 et
134 409 238 485 patrios
257 409 348 485 epulis
365 425 393 466 et
408 431 477 486 quos
494 409 564 467 colit
579 411 681 485 hospes
696 410 824 466 Acestes.

86 504 245 566 praeterea,
261 490 282 546 si
299 511 376 547 nona
390 490 469 547 diem
485 490 652 547 mortalibus
668 491 775 547 almum

86 572 199 626 Aurora
214 570 350 627 extulerit
365 571 507 648 radiisque
524 571 660 628 retexerit
675 572 783 641 orbem,

86 650 181 727 prima
196 651 268 707 citae
285 651 408 708 Teucris
423 672 530 727 ponam
546 651 703 709 certamina
718 650 833 720 classis;

87 731 198 808 quique
212 731 318 807 pedum
334 752 416 789 cursu
433 734 518 803 valet,
535 732 627 809 etqui
643 732 750 789 viribus
766 732 858 789 audax

88 827 139 868 aut
153 811 247 868 iaculo
261 811 373 869 incedit
389 812 491 869 melior
506 812 675 889 levibusque
690 812 807 886 sagittis,

87 912 139 949 seu
154 892 243 949 crudo
258 892 320 949 fidit
335 913 462 968 pugnam
478 893 660 950 committere
675 908 781 962 caestu,

87 972 189 1030 cuncti
204 972 307 1043 adsint,
318 973 495 1050 meritaeque
507 989 676 1050 exspectent
690 973 816 1049 praemia
831 974 952 1049 palmae.

87 1074 138 1110 ore
153 1053 247 1109 favete
263 1074 372 1124 omneS,
389 1068 417 1110 et
433 1054 542 1128 cingite
558 1071 687 1130 tempora
702 1053 806 1110 ramis’
928 1083 952 1119 71

131 1133 169 1190 sic
186 1134 259 1190 fatus
274 1135 351 1191 velat
366 1149 496 1191 materna
513 1150 642 1211 tempora
658 1150 761 1210 myrto.

88 1216 144 1271 hoc
160 1214 303 1290 Helymus
319 1214 398 1285 facit,
414 1216 469 1271 hoc
486 1215 547 1272 aevi
563 1231 689 1272 maturus
704 1215 831 1285 Acestes,

88 1297 145 1352 hoc
159 1315 232 1371 puer
245 1295 395 1365 Ascanius,
412 1295 541 1371 sequitur
556 1316 626 1372 quos
642 1311 736 1353 cetera
751 1296 851 1371 pubes.

88 1375 140 1432 ille
155 1396 171 1432 e
186 1375 311 1432 concilio
326 1375 423 1432 multis
440 1396 505 1433 cum
522 1376 637 1433 milibus
652 1376 712 1432 ibat

88 1456 126 1512 ad
141 1457 295 1527 tumulum,
310 1476 412 1530 magna
429 1456 539 1513 medius
555 1457 713 1513 comitante
729 1472 852 1514 caterva.

89 1535 137 1593 hic
153 1536 211 1593 duo
226 1536 280 1593 rite
295 1556 374 1593 mero
390 1536 482 1593 libans
499 1537 643 1594 carchesia
659 1537 775 1594 Baccho

88 1616 188 1674 fundit
202 1616 294 1687 humi,
309 1617 366 1673 duo
381 1618 456 1674 lacte
473 1637 557 1688 novo,
573 1617 630 1674 duo
645 1617 783 1692 sanguine
798 1638 886 1688 sac10‚

89 1717 305 1773 purpureosque
321 1697 389 1754 iacit
404 1696 496 1767 flores,
513 1718 544 1754 ac
563 1698 629 1754 talia
645 1698 738 1755 fatur:

68 1779 176 1847 ‘salve‚
192 1792 290 1834 sancte
304 1798 416 1853 parens,
432 1777 557 1847 iterum;
579 1778 695 1848 salvete,
712 1778 819 1854 recepti
930 1796 954 1834 80

90 1858 266 1936 nequiquam
283 1857 402 1929 cineres,
419 1857 591 1936 animaeque
607 1859 782 1935 umbraeque
797 1874 943 1935 paternae.
976 1900 980 1907 .

90 1959 150 1996 non
166 1938 249 1996 licuit
264 1938 335 1995 fines
350 1939 438 1995 Italos
455 1939 610 2016 fataliaque
625 1961 700 2010 arva,

90 2040 144 2076 nec
180 2035 277 2077 tecum
312 2019 483 2090 Ausonium,
518 2019 693 2098 quicumque
731 2035 782 2091 est,
818 2040 953 2096 quaerere

171 2098 336 2176 Thybrim'

88 2181 201 2238 dixerat
217 2182 298 2251 haec,
314 2181 406 2257 adytis
421 2202 488 2238 cum
504 2182 630 2239 lubricus
646 2181 744 2256 anguis
760 2182 795 2238 ab
810 2181 874 2236 imis

89 2278 200 2338 septem
216 2260 317 2336 ingens
331 2282 422 2337 gyros,
439 2278 557 2338 septena
573 2263 720 2319 volumina
737 2262 831 2331 traxit,

89 2343 239 2418 amplexus
255 2342 368 2418 placide
383 2344 538 2413 tumulum,
555 2345 706 2420 lapsusque
722 2364 773 2418 per
788 2364 866 2409 aras;

89 2424 239 2480 caeruleae
254 2423 300 2479 cui
318 2439 394 2497 terga
411 2440 506 2494 notae,
523 2426 683 2481 maculosus
700 2440 728 2479 et
743 2445 811 2480 auro

89 2523 236 2579 squamam
252 2502 427 2560 incendebat
443 2505 546 2578 fulgor,
564 2526 616 2561 ceu
633 2505 757 2561 nubibus
773 2525 852 2561 arcus

89 2584 169 2640 mille
185 2583 254 2640 iacit
269 2583 360 2640 varios
376 2584 493 2640 adverso
509 2585 568 2641 sole
584 2586 702 2642 colores.

89 2663 229 2740 obstipuit
245 2663 306 2720 visu
321 2664 452 2721 Aeneas:
477 2665 525 2720 ille
541 2665 655 2738 agmine
671 2667 756 2740 longo
929 2693 954 2729 90

90 2745 208 2801 tandem
224 2744 300 2801 inter
315 2760 425 2820 pateras
442 2761 469 2802 et
486 2746 559 2801 levia
575 2747 678 2821 pocula
694 2767 808 2821 serpens

89 2824 248 2900 libavitque
264 2825 360 2900 dapes,
376 2845 527 2902 rursusque
542 2825 678 2882 innoxius
694 2826 752 2882 imo

89 2904 225 2961 successit
241 2906 363 2974 tumulo,
380 2921 408 2961 et
423 2906 539 2981 depasta
555 2906 654 2962 altaria
671 2905 765 2982 liquit.

89 2987 144 3041 hoc
162 2984 248 3058 magis
263 2984 395 3060 inceptos
411 2986 533 3059 genitori
551 2986 689 3042 instaurat
704 2989 835 3054 honores,

89 3066 226 3135 incertus,
243 3065 414 3122 Geniumne
430 3066 485 3123 loci
503 3068 682 3123 famulumne
698 3066 823 3141 parentis

90 3167 149 3203 csse
165 3162 265 3222 putet:
289 3146 385 3203 caedit
400 3145 481 3202 binas
497 3148 531 3203 de
548 3168 626 3203 more
642 3147 783 3215 bidentes,

441 3239 471 3299 89
490 3240 567 3287 trahit.
