2002 3614
287 165 452 213 AENEIDOS
469 165 532 211 LIB.
548 164 587 211 111
858 176 888 225 59

59 309 79 348 et
90 313 133 370 quo
146 314 289 371 quemque
304 294 391 352 modo
406 294 553 370 fugiasque
569 294 698 370 ferasque
714 293 851 362 laborem,

59 374 173 448 expediet,
188 395 343 453 cursusque
358 375 438 433 dabit
453 390 587 432 venerata
602 374 752 431 secundos.
852 391 890 439 460

59 453 110 510 haec
122 472 188 527 sunt,
204 476 278 533 quae
294 472 388 513 nostra
404 456 490 513 liceat
506 471 533 512 te
549 476 619 513 voce
634 454 754 511 moneri.

59 533 111 590 vade
123 557 167 610 age
182 552 210 592 et
226 536 377 611 ingentem
392 535 474 593 factis
490 536 534 592 fer
548 536 584 593 ad
600 539 714 593 aethera
731 534 871 592 Troiam'

88 635 144 690 quae
158 633 308 693 postquam
323 633 400 674 vates
416 617 454 674 sic
471 638 519 674 ore
536 617 635 674 effatus
651 616 743 673 amico
760 634 810 685 est,

59 692 114 751 dona
125 697 225 754 dehinc
242 718 310 754 auro
324 697 418 772 gravia
433 713 568 775 sectoque
585 698 739 788 elephanto

59 771 153 850 inperat
166 778 201 835 ad
216 799 302 835 naves
320 778 394 849 ferri,
411 778 554 855 stipatque
569 777 672 834 carinis

59 852 133 928 ingens
147 874 296 933 argentum
312 824 542 935 Dodonaeosque
558 859 674 928 lebetas,

59 933 151 994 loricam
165 955 326 996 consertam
342 939 432 996 hamis
448 959 573 1016 auroque
589 938 722 1007 trilicem,

59 1029 79 1070 et
90 1037 180 1076 conum
195 1019 314 1094 insignis
330 1021 426 1094 galeae
442 1018 596 1097 cristasque
611 1034 768 1088 comantes,

59 1115 114 1153 arma
126 1099 322 1176 Neoptolemi
366 1116 432 1157 sunt
448 1116 476 1157 et
492 1121 540 1156 sua
556 1100 631 1156 dona
645 1098 767 1175 parenti.

59 1175 116 1234 addit
129 1200 210 1256 equos
227 1180 363 1258 additque
378 1174 474 1271 duces,
854 1208 891 1245 470

59 1258 181 1346 remigium
196 1262 321 1337 supplet,
337 1260 426 1318 socios
442 1260 549 1318 simul'
542 1260 656 1317 instruit
672 1259 763 1316 armis.

86 1336 180 1398 interea
195 1341 315 1398 classem
330 1341 400 1398 velis
416 1357 513 1418 aptare
528 1341 645 1398 iubebat

57 1416 179 1492 Anchises,
195 1421 278 1478 fieret
292 1437 381 1479 vento
396 1442 474 1478 mora
490 1443 527 1478 ne
542 1442 597 1498 qua
613 1421 728 1478 ferenti.

58 1516 121 1571 quem
136 1501 266 1559 Phoebi
259 1518 400 1578 rnterpres
416 1503 508 1560 multo
524 1502 680 1578 compellat
694 1503 805 1558 honore
820 1522 826 1558 :

45 1579 171 1655 ‘coniugio,
185 1583 323 1653 Anchisa,
339 1583 461 1640 Veneris
477 1583 593 1657 dignate
609 1583 739 1658 superb0,

57 1662 205 1734 sotadeum,
222 1662 264 1719 bis
281 1663 442 1738 Pergameis
458 1680 556 1740 erepte
571 1663 669 1734 ruinis,

58 1756 107 1797 ecce
119 1743 166 1799 tibi
181 1744 328 1800 Ausoniae
345 1745 450 1802 tellus:
472 1746 546 1801 hanc
563 1743 654 1819 arripe
669 1743 749 1801 velis.

58 1834 170 1881 ettamen
185 1826 261 1881 hanc
277 1826 378 1900 pelago
394 1825 602 1902 praeterlabare
618 1845 734 1881 necesse
750 1839 812 1881 est:

57 1898 172 1962 Ausoniae
187 1926 252 1981 pars
266 1905 316 1962 illa
331 1906 442 1982 procul,
459 1925 545 1982 quam
559 1904 659 1982 pandit
673 1905 789 1981 Apollo.

57 1981 124 2053 vadess
137 1981 183 2056 ait,
201 1986 321 2042 ofelrx
338 2002 397 2042 nati
414 1986 531 2063 pietate.
574 1985 643 2062 quid
659 1985 732 2041 ultra
854 2002 892 2050 480

56 2067 171 2156 provehor
187 2082 216 2123 et
231 2066 319 2123 fando
335 2083 481 2141 surgentes
498 2067 630 2123 demoror
645 2066 780 2123 Austros.
776 2065 801 2108 θ’

56 2158 95 2198 nec
106 2146 193 2203 minus
208 2148 411 2203 Andromache
428 2147 552 2221 digressu
569 2162 673 2203 maesta
689 2166 821 2222 supremo

56 2219 96 2278 fert
107 2226 254 2301 picturatas
270 2227 330 2283 auri
346 2227 526 2301 subtegmine
541 2242 631 2284 vestes

55 2317 75 2356 et
88 2303 226 2382 Phrygiam
241 2307 364 2374 Ascanio
380 2308 572 2383 chlamydem,
589 2327 642 2364 nec
659 2306 736 2363 cedit
751 2308 869 2375 honore,

42 2384 236 2485 textilibusque
252 2403 352 2444 onerat
366 2388 448 2445 donis
464 2409 495 2445 ac
512 2388 578 2444 talia
594 2388 689 2443 fatur:

42 2462 128 2541 ‘accipe
162 2484 189 2526 et
224 2469 307 2538 haec,
344 2489 480 2525 manuum
518 2468 569 2525 tibi
605 2489 676 2544 quae
713 2467 891 2524 monimenta

114 2568 237 2605 mearum

54 2621 103 2695 sint,
113 2649 187 2719 puer,
201 2646 229 2687 et
241 2630 360 2703 longum
370 2630 590 2687 Andromachae
602 2644 743 2686 testentur
755 2649 889 2694 amorem,

54 2706 156 2782 coniugis
173 2711 348 2768 Hectoreae.
358 2732 459 2787 cape
475 2711 550 2767 dona
567 2726 693 2766 extrema
708 2725 831 2777 tuorum,

54 2787 134 2845 omihi
149 2792 206 2847 sola
221 2791 278 2847 mei
295 2811 379 2867 super
393 2790 594 2867 Astyanactis
588 2810 689 2862 rmag0.

55 2881 83 2920 rc
95 2871 225 2942 oculos
207 2893 245 2929 src
262 2871 312 2928 ille
329 2892 438 2941 manus,
455 2872 493 2929 sie
509 2893 556 2927 ora
572 2871 691 2939 ferebat,
855 2897 891 2935 490

55 2958 76 2998 et
88 2967 152 3008 nunc
168 2952 279 3029 aequali
297 2968 392 3009 tecum
408 2918 576 3028 pibesceret
592 2950 680 3006 aevo)

55 3022 92 3081 hos
70 3045 148 3104 osego
162 3033 324 3108 digrediens
341 3033 463 3089 lacrimis
478 3033 593 3090 adfabar
609 3030 735 3087 obortis:

41 3103 120 3165 ‘uiuite
135 3112 240 3182 felices,
257 3113 359 3190 quibus
376 3130 416 3169 est
432 3115 547 3170 fortuna
563 3130 675 3188 peracta

181 3220 226 3266 475
246 3205 505 3253 Anchisae=Anchise.
540 3206 588 3265 484
605 3204 694 3250 honori
