<?xml version="1.0" encoding="UTF-8"?>
<!DOCTYPE html PUBLIC "-//W3C//DTD XHTML 1.0 Transitional//EN"
    "http://www.w3.org/TR/xhtml1/DTD/xhtml1-transitional.dtd">
<html xmlns="http://www.w3.org/1999/xhtml" xml:lang="en" lang="en">
 <head>
  <title>
</title>
<meta http-equiv="Content-Type" content="text/html;charset=utf-8" />
  <meta name='ocr-system' content='tesseract 3.04.00' />
  <meta name='ocr-capabilities' content='ocr_page ocr_carea ocr_par ocr_line ocrx_word'/>
</head>
<body>
  <div class='ocr_page' id='page_1' title='image "aeneidvirgilboo00pagegoog_0096.png"; bbox 0 0 2002 3614; ppageno 0'>
   <div class='ocr_carea' id='block_1_1' title="bbox 283 182 882 233">
    <p class='ocr_par' dir='ltr' id='par_1_1' title="bbox 283 182 882 233">
     <span class='ocr_line' id='line_1_1' title="bbox 283 182 882 233; baseline 0.002 -2"><span class='ocrx_word' id='word_1_1' title='bbox 283 183 450 231; x_wconf 84' lang='lat' dir='ltr'>AENEIDOS</span> <span class='ocrx_word' id='word_1_2' title='bbox 468 182 530 230; x_wconf 84' lang='lat' dir='ltr'>LIB.</span> <span class='ocrx_word' id='word_1_3' title='bbox 547 183 586 230; x_wconf 92' lang='lat'>111</span> <span class='ocrx_word' id='word_1_4' title='bbox 854 187 882 233; x_wconf 85' lang='lat'>61</span> 
     </span>
    </p>
   </div>
   <div class='ocr_carea' id='block_1_2' title="bbox 54 315 887 3287">
    <p class='ocr_par' dir='ltr' id='par_1_2' title="bbox 54 315 887 3190">
     <span class='ocr_line' id='line_1_2' title="bbox 54 315 887 391; baseline 0.002 -21"><span class='ocrx_word' id='word_1_5' title='bbox 54 315 207 373; x_wconf 85' lang='lat' dir='ltr'>crebrescunt</span> <span class='ocrx_word' id='word_1_6' title='bbox 221 329 339 391; x_wconf 87' lang='lat' dir='ltr'>optatae</span> <span class='ocrx_word' id='word_1_7' title='bbox 355 334 445 384; x_wconf 91' lang='lat' dir='ltr'>aurae,</span> <span class='ocrx_word' id='word_1_8' title='bbox 460 330 616 390; x_wconf 92' lang='lat' dir='ltr'>portusque</span> <span class='ocrx_word' id='word_1_9' title='bbox 630 315 751 390; x_wconf 87' lang='lat' dir='ltr'>patescit</span> <span class='ocrx_word' id='word_1_10' title='bbox 783 325 785 328; x_wconf 83' lang='lat'>&#39;</span> <span class='ocrx_word' id='word_1_11' title='bbox 848 343 887 383; x_wconf 78' lang='lat'>530</span> 
     </span>
     <span class='ocr_line' id='line_1_3' title="bbox 54 394 871 473; baseline 0.006 -24"><span class='ocrx_word' id='word_1_12' title='bbox 54 394 96 451; x_wconf 88' lang='lat' dir='ltr'>iarn</span> <span class='ocrx_word' id='word_1_13' title='bbox 107 396 218 473; x_wconf 86' lang='lat' dir='ltr'>propior,</span> <span class='ocrx_word' id='word_1_14' title='bbox 236 395 436 472; x_wconf 92' lang='lat' dir='ltr'>templumque</span> <span class='ocrx_word' id='word_1_15' title='bbox 452 409 568 471; x_wconf 90' lang='lat' dir='ltr'>apparet</span> <span class='ocrx_word' id='word_1_16' title='bbox 583 394 612 451; x_wconf 92' lang='lat' dir='ltr'>in</span> <span class='ocrx_word' id='word_1_17' title='bbox 629 416 692 452; x_wconf 91' lang='lat' dir='ltr'>arce</span> <span class='ocrx_word' id='word_1_18' title='bbox 710 394 871 455; x_wconf 89' lang='lat' dir='ltr'>Minervae.</span> 
     </span>
     <span class='ocr_line' id='line_1_4' title="bbox 55 475 754 554; baseline 0.009 -25"><span class='ocrx_word' id='word_1_19' title='bbox 55 476 102 531; x_wconf 88' lang='lat' dir='ltr'>vela</span> <span class='ocrx_word' id='word_1_20' title='bbox 113 477 202 551; x_wconf 89' lang='lat' dir='ltr'>legunt</span> <span class='ocrx_word' id='word_1_21' title='bbox 216 476 287 534; x_wconf 91' lang='lat' dir='ltr'>socii</span> <span class='ocrx_word' id='word_1_22' title='bbox 304 491 333 532; x_wconf 89' lang='lat' dir='ltr'>et</span> <span class='ocrx_word' id='word_1_23' title='bbox 347 496 443 552; x_wconf 87' lang='lat' dir='ltr'>proras</span> <span class='ocrx_word' id='word_1_24' title='bbox 459 475 494 532; x_wconf 86' lang='lat' dir='ltr'>ad</span> <span class='ocrx_word' id='word_1_25' title='bbox 510 475 593 532; x_wconf 86' lang='lat' dir='ltr'>litora</span> <span class='ocrx_word' id='word_1_26' title='bbox 609 492 754 554; x_wconf 89' lang='lat' dir='ltr'>torquent.</span> 
     </span>
     <span class='ocr_line' id='line_1_5' title="bbox 55 555 711 629; baseline 0.005 -19"><span class='ocrx_word' id='word_1_27' title='bbox 55 572 128 629; x_wconf 90' lang='lat' dir='ltr'>portus</span> <span class='ocrx_word' id='word_1_28' title='bbox 141 558 172 614; x_wconf 88' lang='lat' dir='ltr'>ab</span> <span class='ocrx_word' id='word_1_29' title='bbox 187 559 283 614; x_wconf 89' lang='lat' dir='ltr'>Euroo</span> <span class='ocrx_word' id='word_1_30' title='bbox 298 555 388 613; x_wconf 87' lang='lat' dir='ltr'>fluctu</span> <span class='ocrx_word' id='word_1_31' title='bbox 404 572 534 613; x_wconf 90' lang='lat' dir='ltr'>curvatus</span> <span class='ocrx_word' id='word_1_32' title='bbox 550 555 579 612; x_wconf 93' lang='lat' dir='ltr'>in</span> <span class='ocrx_word' id='word_1_33' title='bbox 595 577 711 626; x_wconf 89' lang='lat' dir='ltr'>arcum;</span> 
     </span>
     <span class='ocr_line' id='line_1_6' title="bbox 56 636 689 713; baseline 0.006 -23"><span class='ocrx_word' id='word_1_34' title='bbox 56 636 155 694; x_wconf 89' lang='lat' dir='ltr'>obiectae</span> <span class='ocrx_word' id='word_1_35' title='bbox 169 639 237 694; x_wconf 89' lang='lat' dir='ltr'>salsa</span> <span class='ocrx_word' id='word_1_36' title='bbox 253 653 388 713; x_wconf 87' lang='lat' dir='ltr'><strong>spumant</strong></span> <span class='ocrx_word' id='word_1_37' title='bbox 403 637 570 713; x_wconf 86' lang='lat' dir='ltr'>adspergine</span> <span class='ocrx_word' id='word_1_38' title='bbox 586 653 689 707; x_wconf 89' lang='lat' dir='ltr'>cautes,</span> 
     </span>
     <span class='ocr_line' id='line_1_7' title="bbox 56 714 748 792; baseline 0.006 -22"><span class='ocrx_word' id='word_1_39' title='bbox 56 714 100 790; x_wconf 86' lang='lat' dir='ltr'>ipse</span> <span class='ocrx_word' id='word_1_40' title='bbox 111 719 192 775; x_wconf 88' lang='lat' dir='ltr'>latet:</span> <span class='ocrx_word' id='word_1_41' title='bbox 214 718 331 792; x_wconf 91' lang='lat' dir='ltr'>gemino</span> <span class='ocrx_word' id='word_1_42' title='bbox 347 717 506 774; x_wconf 93' lang='lat' dir='ltr'>demittunt</span> <span class='ocrx_word' id='word_1_43' title='bbox 520 718 653 775; x_wconf 90' lang='lat' dir='ltr'>bracchia</span> <span class='ocrx_word' id='word_1_44' title='bbox 667 739 748 775; x_wconf 91' lang='lat' dir='ltr'>muro</span> 
     </span>
     <span class='ocr_line' id='line_1_8' title="bbox 56 797 740 875; baseline 0.007 -24"><span class='ocrx_word' id='word_1_45' title='bbox 56 797 125 854; x_wconf 88' lang='lat' dir='ltr'>turriti</span> <span class='ocrx_word' id='word_1_46' title='bbox 139 799 245 875; x_wconf 87' lang='lat' dir='ltr'>scopuli</span> <span class='ocrx_word' id='word_1_47' title='bbox 262 798 422 874; x_wconf 83' lang='lat' dir='ltr'>refugitque</span> <span class='ocrx_word' id='word_1_48' title='bbox 438 798 473 854; x_wconf 91' lang='lat' dir='ltr'>ab</span> <span class='ocrx_word' id='word_1_49' title='bbox 489 798 573 854; x_wconf 89' lang='lat' dir='ltr'>litore</span> <span class='ocrx_word' id='word_1_50' title='bbox 590 800 740 874; x_wconf 90' lang='lat' dir='ltr'>templum.</span> 
     </span>
     <span class='ocr_line' id='line_1_9' title="bbox 56 879 847 955; baseline 0.006 -23"><span class='ocrx_word' id='word_1_51' title='bbox 56 886 160 951; x_wconf 85' lang='lat' dir='ltr'>quattuor</span> <span class='ocrx_word' id='word_1_52' title='bbox 174 880 231 949; x_wconf 91' lang='lat' dir='ltr'>hic,</span> <span class='ocrx_word' id='word_1_53' title='bbox 246 879 371 955; x_wconf 92' lang='lat' dir='ltr'>primum</span> <span class='ocrx_word' id='word_1_54' title='bbox 386 899 482 950; x_wconf 89' lang='lat' dir='ltr'>omen,</span> <span class='ocrx_word' id='word_1_55' title='bbox 500 900 585 955; x_wconf 89' lang='lat' dir='ltr'>equos</span> <span class='ocrx_word' id='word_1_56' title='bbox 601 879 631 935; x_wconf 94' lang='lat' dir='ltr'>in</span> <span class='ocrx_word' id='word_1_57' title='bbox 646 879 774 953; x_wconf 90' lang='lat' dir='ltr'>gramine</span> <span class='ocrx_word' id='word_1_58' title='bbox 788 880 847 937; x_wconf 92' lang='lat' dir='ltr'>vidi</span> 
     </span>
     <span class='ocr_line' id='line_1_10' title="bbox 56 958 663 1036; baseline 0.01 -26"><span class='ocrx_word' id='word_1_59' title='bbox 56 958 180 1017; x_wconf 84' lang='lat' dir='ltr'>tondentes</span> <span class='ocrx_word' id='word_1_60' title='bbox 195 981 329 1036; x_wconf 92' lang='lat' dir='ltr'>campum</span> <span class='ocrx_word' id='word_1_61' title='bbox 345 960 410 1030; x_wconf 88' lang='lat' dir='ltr'>late,</span> <span class='ocrx_word' id='word_1_62' title='bbox 426 959 550 1016; x_wconf 88' lang='lat' dir='ltr'>candore</span> <span class='ocrx_word' id='word_1_63' title='bbox 567 959 663 1016; x_wconf 90' lang='lat' dir='ltr'>nivali.</span> 
     </span>
     <span class='ocr_line' id='line_1_11' title="bbox 56 1039 844 1117; baseline 0.008 -25"><span class='ocrx_word' id='word_1_64' title='bbox 56 1053 77 1092; x_wconf 87' lang='lat' dir='ltr'>et</span> <span class='ocrx_word' id='word_1_65' title='bbox 86 1054 153 1114; x_wconf 83' lang='lat' dir='ltr'>pater</span> <span class='ocrx_word' id='word_1_66' title='bbox 164 1040 304 1097; x_wconf 86' lang='lat' dir='ltr'>Anchises</span> <span class='ocrx_word' id='word_1_67' title='bbox 321 1040 457 1110; x_wconf 71' lang='lat' dir='ltr'>‘bellum</span> <span class='ocrx_word' id='word_1_68' title='bbox 473 1061 490 1095; x_wconf 93' lang='lat'>0</span> <span class='ocrx_word' id='word_1_69' title='bbox 506 1056 580 1097; x_wconf 90' lang='lat' dir='ltr'>terra</span> <span class='ocrx_word' id='word_1_70' title='bbox 593 1039 714 1116; x_wconf 85' lang='lat' dir='ltr'>hospita,</span> <span class='ocrx_word' id='word_1_71' title='bbox 729 1057 844 1117; x_wconf 91' lang='lat' dir='ltr'>portas:</span> 
     </span>
     <span class='ocr_line' id='line_1_12' title="bbox 57 1116 885 1198; baseline 0.005 -25"><span class='ocrx_word' id='word_1_72' title='bbox 57 1116 114 1174; x_wconf 89' lang='lat' dir='ltr'>bello</span> <span class='ocrx_word' id='word_1_73' title='bbox 126 1138 266 1179; x_wconf 88' lang='lat' dir='ltr'>armantur</span> <span class='ocrx_word' id='word_1_74' title='bbox 282 1120 357 1198; x_wconf 89' lang='lat' dir='ltr'>equi,</span> <span class='ocrx_word' id='word_1_75' title='bbox 373 1121 483 1177; x_wconf 90' lang='lat' dir='ltr'>bellum</span> <span class='ocrx_word' id='word_1_76' title='bbox 498 1122 569 1177; x_wconf 89' lang='lat' dir='ltr'>haec</span> <span class='ocrx_word' id='word_1_77' title='bbox 585 1135 715 1177; x_wconf 91' lang='lat' dir='ltr'>armenta</span> <span class='ocrx_word' id='word_1_78' title='bbox 729 1120 885 1178; x_wconf 91' lang='lat' dir='ltr'>minantur.</span> 
     </span>
     <span class='ocr_line' id='line_1_13' title="bbox 56 1198 885 1266; baseline 0.005 -14"><span class='ocrx_word' id='word_1_79' title='bbox 56 1198 91 1255; x_wconf 87' lang='lat' dir='ltr'>sed</span> <span class='ocrx_word' id='word_1_80' title='bbox 103 1216 186 1259; x_wconf 91' lang='lat' dir='ltr'>tamen</span> <span class='ocrx_word' id='word_1_81' title='bbox 201 1202 279 1259; x_wconf 91' lang='lat' dir='ltr'>idem</span> <span class='ocrx_word' id='word_1_82' title='bbox 294 1201 364 1258; x_wconf 91' lang='lat' dir='ltr'>olim</span> <span class='ocrx_word' id='word_1_83' title='bbox 378 1222 461 1258; x_wconf 89' lang='lat' dir='ltr'>curru</span> <span class='ocrx_word' id='word_1_84' title='bbox 478 1200 631 1258; x_wconf 87' lang='lat' dir='ltr'>succedere</span> <span class='ocrx_word' id='word_1_85' title='bbox 646 1200 719 1256; x_wconf 91' lang='lat' dir='ltr'>sueti</span> <span class='ocrx_word' id='word_1_86' title='bbox 849 1230 885 1266; x_wconf 83' lang='lat'>⁵41</span> 
     </span>
     <span class='ocr_line' id='line_1_14' title="bbox 57 1280 734 1358; baseline 0.006 -24"><span class='ocrx_word' id='word_1_87' title='bbox 57 1281 235 1358; x_wconf 80' lang='lat' dir='ltr'>quadrupedes,</span> <span class='ocrx_word' id='word_1_88' title='bbox 251 1298 280 1339; x_wconf 98' lang='lat' dir='ltr'>et</span> <span class='ocrx_word' id='word_1_89' title='bbox 295 1282 376 1338; x_wconf 87' lang='lat' dir='ltr'>frena</span> <span class='ocrx_word' id='word_1_90' title='bbox 390 1282 455 1355; x_wconf 87' lang='lat' dir='ltr'>iugo</span> <span class='ocrx_word' id='word_1_91' title='bbox 471 1280 625 1339; x_wconf 90' lang='lat' dir='ltr'>concordia</span> <span class='ocrx_word' id='word_1_92' title='bbox 640 1281 713 1337; x_wconf 88' lang='lat' dir='ltr'>ferre</span> <span class='ocrx_word' id='word_1_93' title='bbox 728 1303 734 1338; x_wconf 93' lang='lat'>:</span> 
     </span>
     <span class='ocr_line' id='line_1_15' title="bbox 57 1361 820 1439; baseline 0.007 -26"><span class='ocrx_word' id='word_1_94' title='bbox 57 1378 100 1433; x_wconf 85' lang='lat' dir='ltr'>spes</span> <span class='ocrx_word' id='word_1_95' title='bbox 113 1379 136 1419; x_wconf 92' lang='lat' dir='ltr'>et</span> <span class='ocrx_word' id='word_1_96' title='bbox 148 1363 243 1439; x_wconf 89' lang='lat' dir='ltr'>pacis‚‘</span> <span class='ocrx_word' id='word_1_97' title='bbox 259 1362 306 1421; x_wconf 90' lang='lat' dir='ltr'>ait.</span> <span class='ocrx_word' id='word_1_98' title='bbox 349 1379 410 1418; x_wconf 93' lang='lat' dir='ltr'>tum</span> <span class='ocrx_word' id='word_1_99' title='bbox 426 1361 544 1418; x_wconf 90' lang='lat' dir='ltr'>numina</span> <span class='ocrx_word' id='word_1_100' title='bbox 559 1376 656 1418; x_wconf 89' lang='lat' dir='ltr'>sancta</span> <span class='ocrx_word' id='word_1_101' title='bbox 669 1381 820 1437; x_wconf 83' lang='lat' dir='ltr'>precamur</span> 
     </span>
     <span class='ocr_line' id='line_1_16' title="bbox 58 1437 794 1519; baseline 0.007 -26"><span class='ocrx_word' id='word_1_102' title='bbox 58 1437 153 1500; x_wconf 85' lang='lat' dir='ltr'>Palladis</span> <span class='ocrx_word' id='word_1_103' title='bbox 167 1442 333 1514; x_wconf 87' lang='lat' dir='ltr'>armisonae,</span> <span class='ocrx_word' id='word_1_104' title='bbox 348 1463 419 1519; x_wconf 91' lang='lat' dir='ltr'>quae</span> <span class='ocrx_word' id='word_1_105' title='bbox 434 1442 526 1517; x_wconf 91' lang='lat' dir='ltr'>prima</span> <span class='ocrx_word' id='word_1_106' title='bbox 541 1441 653 1517; x_wconf 90' lang='lat' dir='ltr'>accepit</span> <span class='ocrx_word' id='word_1_107' title='bbox 668 1456 794 1511; x_wconf 87' lang='lat' dir='ltr'>ovantes,</span> 
     </span>
     <span class='ocr_line' id='line_1_17' title="bbox 58 1522 741 1598; baseline 0.01 -26"><span class='ocrx_word' id='word_1_108' title='bbox 58 1534 77 1574; x_wconf 87' lang='lat' dir='ltr'>et</span> <span class='ocrx_word' id='word_1_109' title='bbox 87 1523 165 1598; x_wconf 87' lang='lat' dir='ltr'>capita</span> <span class='ocrx_word' id='word_1_110' title='bbox 178 1542 245 1580; x_wconf 89' lang='lat' dir='ltr'>ante</span> <span class='ocrx_word' id='word_1_111' title='bbox 260 1544 319 1579; x_wconf 88' lang='lat' dir='ltr'>aras</span> <span class='ocrx_word' id='word_1_112' title='bbox 336 1522 459 1598; x_wconf 89' lang='lat' dir='ltr'>Phrygio</span> <span class='ocrx_word' id='word_1_113' title='bbox 474 1522 602 1579; x_wconf 90' lang='lat' dir='ltr'>velamur</span> <span class='ocrx_word' id='word_1_114' title='bbox 616 1522 741 1592; x_wconf 89' lang='lat' dir='ltr'>amictu;</span> 
     </span>
     <span class='ocr_line' id='line_1_18' title="bbox 57 1602 814 1681; baseline 0.004 -25"><span class='ocrx_word' id='word_1_115' title='bbox 57 1604 242 1681; x_wconf 87' lang='lat' dir='ltr'>praeceptisque</span> <span class='ocrx_word' id='word_1_116' title='bbox 258 1603 378 1674; x_wconf 88' lang='lat' dir='ltr'>Heleni,</span> <span class='ocrx_word' id='word_1_117' title='bbox 394 1603 512 1660; x_wconf 90' lang='lat' dir='ltr'>dederat</span> <span class='ocrx_word' id='word_1_118' title='bbox 527 1624 600 1680; x_wconf 93' lang='lat' dir='ltr'>quae</span> <span class='ocrx_word' id='word_1_119' title='bbox 615 1602 745 1672; x_wconf 82' lang='lat' dir='ltr'>maxima,</span> <span class='ocrx_word' id='word_1_120' title='bbox 762 1602 814 1659; x_wconf 91' lang='lat' dir='ltr'>rite</span> 
     </span>
     <span class='ocr_line' id='line_1_19' title="bbox 59 1677 680 1759; baseline 0.014 -27"><span class='ocrx_word' id='word_1_121' title='bbox 59 1677 136 1740; x_wconf 93' lang='lat' dir='ltr'>lunoni</span> <span class='ocrx_word' id='word_1_122' title='bbox 150 1684 269 1759; x_wconf 91' lang='lat' dir='ltr'>Argivae</span> <span class='ocrx_word' id='word_1_123' title='bbox 285 1683 371 1740; x_wconf 90' lang='lat' dir='ltr'>iussos</span> <span class='ocrx_word' id='word_1_124' title='bbox 387 1684 533 1740; x_wconf 89' lang='lat' dir='ltr'>adolemus</span> <span class='ocrx_word' id='word_1_125' title='bbox 548 1685 680 1741; x_wconf 91' lang='lat' dir='ltr'>honores.</span> 
     </span>
     <span class='ocr_line' id='line_1_20' title="bbox 58 1758 716 1841; baseline 0.009 -26"><span class='ocrx_word' id='word_1_126' title='bbox 58 1758 112 1818; x_wconf 83' lang='lat' dir='ltr'>haud</span> <span class='ocrx_word' id='word_1_127' title='bbox 123 1784 204 1836; x_wconf 89' lang='lat' dir='ltr'>mora,</span> <span class='ocrx_word' id='word_1_128' title='bbox 220 1764 361 1822; x_wconf 91' lang='lat' dir='ltr'>continuo</span> <span class='ocrx_word' id='word_1_129' title='bbox 376 1764 511 1841; x_wconf 87' lang='lat' dir='ltr'>perfectis</span> <span class='ocrx_word' id='word_1_130' title='bbox 527 1764 629 1822; x_wconf 91' lang='lat' dir='ltr'>ordine</span> <span class='ocrx_word' id='word_1_131' title='bbox 644 1765 716 1821; x_wconf 90' lang='lat' dir='ltr'>votis</span> 
     </span>
     <span class='ocr_line' id='line_1_21' title="bbox 58 1845 710 1903; baseline 0.014 -10"><span class='ocrx_word' id='word_1_132' title='bbox 58 1858 137 1901; x_wconf 88' lang='lat' dir='ltr'>cornua</span> <span class='ocrx_word' id='word_1_133' title='bbox 149 1845 306 1903; x_wconf 88' lang='lat' dir='ltr'>velatarum</span> <span class='ocrx_word' id='word_1_134' title='bbox 322 1845 497 1902; x_wconf 89' lang='lat' dir='ltr'>obvertimus</span> <span class='ocrx_word' id='word_1_135' title='bbox 513 1861 710 1902; x_wconf 91' lang='lat' dir='ltr'>antemnarum</span> 
     </span>
     <span class='ocr_line' id='line_1_22' title="bbox 59 1918 861 2002; baseline 0.01 -28"><span class='ocrx_word' id='word_1_136' title='bbox 59 1918 283 2002; x_wconf 84' lang='lat' dir='ltr'>Graiugenumque</span> <span class='ocrx_word' id='word_1_137' title='bbox 299 1925 398 1983; x_wconf 90' lang='lat' dir='ltr'>domos</span> <span class='ocrx_word' id='word_1_138' title='bbox 414 1942 599 2002; x_wconf 88' lang='lat' dir='ltr'>suspectaque</span> <span class='ocrx_word' id='word_1_139' title='bbox 616 1925 772 2002; x_wconf 89' lang='lat' dir='ltr'>linquimus</span> <span class='ocrx_word' id='word_1_140' title='bbox 788 1946 861 1982; x_wconf 88' lang='lat' dir='ltr'>arva.</span> 
     </span>
     <span class='ocr_line' id='line_1_23' title="bbox 57 1999 885 2077; baseline 0.005 -21"><span class='ocrx_word' id='word_1_141' title='bbox 57 1999 105 2060; x_wconf 89' lang='lat' dir='ltr'>hinc</span> <span class='ocrx_word' id='word_1_142' title='bbox 117 2005 186 2063; x_wconf 89' lang='lat' dir='ltr'>sinus</span> <span class='ocrx_word' id='word_1_143' title='bbox 202 2006 353 2076; x_wconf 91' lang='lat' dir='ltr'>Herculei,</span> <span class='ocrx_word' id='word_1_144' title='bbox 370 2006 391 2062; x_wconf 87' lang='lat' dir='ltr'>si</span> <span class='ocrx_word' id='word_1_145' title='bbox 406 2027 472 2063; x_wconf 89' lang='lat' dir='ltr'>vera</span> <span class='ocrx_word' id='word_1_146' title='bbox 488 2022 529 2064; x_wconf 91' lang='lat' dir='ltr'>est</span> <span class='ocrx_word' id='word_1_147' title='bbox 544 2007 628 2077; x_wconf 88' lang='lat' dir='ltr'>fama,</span> <span class='ocrx_word' id='word_1_148' title='bbox 645 2005 767 2063; x_wconf 89' lang='lat' dir='ltr'>Tarenti</span> <span class='ocrx_word' id='word_1_149' title='bbox 850 2034 885 2070; x_wconf 79' lang='lat'>551</span> 
     </span>
     <span class='ocr_line' id='line_1_24' title="bbox 57 2079 674 2157; baseline 0.013 -22"><span class='ocrx_word' id='word_1_150' title='bbox 57 2079 171 2157; x_wconf 78' lang='lat' dir='ltr'>cernitui3</span> <span class='ocrx_word' id='word_1_151' title='bbox 192 2086 301 2144; x_wconf 91' lang='lat' dir='ltr'>attollit</span> <span class='ocrx_word' id='word_1_152' title='bbox 317 2107 345 2143; x_wconf 92' lang='lat' dir='ltr'>se</span> <span class='ocrx_word' id='word_1_153' title='bbox 360 2087 425 2144; x_wconf 91' lang='lat' dir='ltr'>diva</span> <span class='ocrx_word' id='word_1_154' title='bbox 440 2087 560 2143; x_wconf 88' lang='lat' dir='ltr'>Lacinia</span> <span class='ocrx_word' id='word_1_155' title='bbox 575 2103 674 2144; x_wconf 90' lang='lat' dir='ltr'>contra</span> 
     </span>
     <span class='ocr_line' id='line_1_25' title="bbox 57 2160 750 2244; baseline 0.006 -25"><span class='ocrx_word' id='word_1_156' title='bbox 57 2160 223 2244; x_wconf 82' lang='lat' dir='ltr'>Caulonisque</span> <span class='ocrx_word' id='word_1_157' title='bbox 239 2188 316 2224; x_wconf 87' lang='lat' dir='ltr'>arces</span> <span class='ocrx_word' id='word_1_158' title='bbox 333 2183 361 2224; x_wconf 91' lang='lat' dir='ltr'>et</span> <span class='ocrx_word' id='word_1_159' title='bbox 377 2167 555 2241; x_wconf 86' lang='lat' dir='ltr'>navifragum</span> <span class='ocrx_word' id='word_1_160' title='bbox 572 2168 750 2243; x_wconf 87' lang='lat' dir='ltr'>Scylaceum.</span> 
     </span>
     <span class='ocr_line' id='line_1_26' title="bbox 57 2247 771 2322; baseline 0.003 -22"><span class='ocrx_word' id='word_1_161' title='bbox 57 2255 99 2300; x_wconf 80' lang='lat' dir='ltr'>tun</span> <span class='ocrx_word' id='word_1_162' title='bbox 110 2249 203 2322; x_wconf 89' lang='lat' dir='ltr'>procul</span> <span class='ocrx_word' id='word_1_163' title='bbox 219 2269 235 2304; x_wconf 88' lang='lat' dir='ltr'>e</span> <span class='ocrx_word' id='word_1_164' title='bbox 250 2247 340 2304; x_wconf 88' lang='lat' dir='ltr'>fluctu</span> <span class='ocrx_word' id='word_1_165' title='bbox 357 2247 509 2304; x_wconf 89' lang='lat' dir='ltr'>Trinacria</span> <span class='ocrx_word' id='word_1_166' title='bbox 526 2247 652 2304; x_wconf 90' lang='lat' dir='ltr'>cernitur</span> <span class='ocrx_word' id='word_1_167' title='bbox 666 2249 771 2317; x_wconf 90' lang='lat' dir='ltr'>Aetna,</span> 
     </span>
     <span class='ocr_line' id='line_1_27' title="bbox 57 2328 746 2404; baseline 0.001 -22"><span class='ocrx_word' id='word_1_168' title='bbox 57 2338 75 2377; x_wconf 87' lang='lat' dir='ltr'>et</span> <span class='ocrx_word' id='word_1_169' title='bbox 85 2328 208 2398; x_wconf 84' lang='lat' dir='ltr'>gemitum</span> <span class='ocrx_word' id='word_1_170' title='bbox 224 2329 374 2403; x_wconf 87' lang='lat' dir='ltr'>ingentem</span> <span class='ocrx_word' id='word_1_171' title='bbox 389 2328 483 2404; x_wconf 88' lang='lat' dir='ltr'>pelagi</span> <span class='ocrx_word' id='word_1_172' title='bbox 500 2329 668 2404; x_wconf 88' lang='lat' dir='ltr'>pulsataque</span> <span class='ocrx_word' id='word_1_173' title='bbox 684 2349 746 2384; x_wconf 85' lang='lat' dir='ltr'>saxa</span> 
     </span>
     <span class='ocr_line' id='line_1_28' title="bbox 56 2405 691 2485; baseline 0.008 -27"><span class='ocrx_word' id='word_1_174' title='bbox 56 2405 157 2466; x_wconf 82' lang='lat' dir='ltr'>rudinus</span> <span class='ocrx_word' id='word_1_175' title='bbox 172 2410 256 2483; x_wconf 89' lang='lat' dir='ltr'>longe</span> <span class='ocrx_word' id='word_1_176' title='bbox 273 2409 433 2485; x_wconf 89' lang='lat' dir='ltr'>fractasque</span> <span class='ocrx_word' id='word_1_177' title='bbox 449 2408 483 2465; x_wconf 91' lang='lat' dir='ltr'>ad</span> <span class='ocrx_word' id='word_1_178' title='bbox 500 2408 582 2465; x_wconf 91' lang='lat' dir='ltr'>litora</span> <span class='ocrx_word' id='word_1_179' title='bbox 598 2429 691 2477; x_wconf 86' lang='lat' dir='ltr'>voces,</span> 
     </span>
     <span class='ocr_line' id='line_1_29' title="bbox 56 2488 832 2566; baseline 0.012 -29"><span class='ocrx_word' id='word_1_180' title='bbox 56 2488 228 2566; x_wconf 77' lang='lat' dir='ltr'>exsultantque</span> <span class='ocrx_word' id='word_1_181' title='bbox 243 2489 315 2546; x_wconf 92' lang='lat' dir='ltr'>vada</span> <span class='ocrx_word' id='word_1_182' title='bbox 331 2504 416 2564; x_wconf 91' lang='lat' dir='ltr'>atque</span> <span class='ocrx_word' id='word_1_183' title='bbox 433 2505 511 2545; x_wconf 90' lang='lat' dir='ltr'>aestu</span> <span class='ocrx_word' id='word_1_184' title='bbox 528 2488 684 2544; x_wconf 86' lang='lat' dir='ltr'>miscentur</span> <span class='ocrx_word' id='word_1_185' title='bbox 698 2491 832 2546; x_wconf 89' lang='lat' dir='ltr'>harenae.</span> 
     </span>
     <span class='ocr_line' id='line_1_30' title="bbox 56 2568 856 2643; baseline 0 -19"><span class='ocrx_word' id='word_1_186' title='bbox 56 2577 75 2617; x_wconf 87' lang='lat' dir='ltr'>et</span> <span class='ocrx_word' id='word_1_187' title='bbox 86 2584 152 2640; x_wconf 83' lang='lat' dir='ltr'>pater</span> <span class='ocrx_word' id='word_1_188' title='bbox 165 2570 306 2627; x_wconf 87' lang='lat' dir='ltr'>Anchises</span> <span class='ocrx_word' id='word_1_189' title='bbox 323 2592 328 2627; x_wconf 95' lang='lat'><strong>:</strong></span> <span class='ocrx_word' id='word_1_190' title='bbox 353 2568 505 2625; x_wconf 85' lang='lat' dir='ltr'>‘nimirum</span> <span class='ocrx_word' id='word_1_191' title='bbox 524 2570 594 2624; x_wconf 89' lang='lat' dir='ltr'>haec</span> <span class='ocrx_word' id='word_1_192' title='bbox 611 2569 661 2624; x_wconf 91' lang='lat' dir='ltr'>illa</span> <span class='ocrx_word' id='word_1_193' title='bbox 678 2568 856 2643; x_wconf 83' lang='lat' dir='ltr'>Charybdis3</span> 
     </span>
     <span class='ocr_line' id='line_1_31' title="bbox 56 2641 854 2726; baseline 0.013 -31"><span class='ocrx_word' id='word_1_194' title='bbox 56 2641 91 2700; x_wconf 86' lang='lat' dir='ltr'>hos</span> <span class='ocrx_word' id='word_1_195' title='bbox 102 2647 224 2707; x_wconf 90' lang='lat' dir='ltr'>Helenus</span> <span class='ocrx_word' id='word_1_196' title='bbox 240 2650 381 2726; x_wconf 88' lang='lat' dir='ltr'>scopulos,</span> <span class='ocrx_word' id='word_1_197' title='bbox 399 2651 469 2706; x_wconf 87' lang='lat' dir='ltr'>hacc</span> <span class='ocrx_word' id='word_1_198' title='bbox 487 2670 550 2705; x_wconf 86' lang='lat' dir='ltr'>saxa</span> <span class='ocrx_word' id='word_1_199' title='bbox 565 2649 706 2705; x_wconf 90' lang='lat' dir='ltr'>horrenda</span> <span class='ocrx_word' id='word_1_200' title='bbox 722 2649 854 2705; x_wconf 87' lang='lat' dir='ltr'>canebat.</span> 
     </span>
     <span class='ocr_line' id='line_1_32' title="bbox 56 2723 886 2806; baseline 0.011 -31"><span class='ocrx_word' id='word_1_201' title='bbox 56 2723 140 2800; x_wconf 86' lang='lat' dir='ltr'>eripite,</span> <span class='ocrx_word' id='word_1_202' title='bbox 154 2752 169 2787; x_wconf 95' lang='lat' dir='ltr'>o</span> <span class='ocrx_word' id='word_1_203' title='bbox 185 2731 263 2801; x_wconf 89' lang='lat' dir='ltr'>socii,</span> <span class='ocrx_word' id='word_1_204' title='bbox 279 2730 443 2806; x_wconf 87' lang='lat' dir='ltr'>pariterque</span> <span class='ocrx_word' id='word_1_205' title='bbox 459 2729 595 2802; x_wconf 91' lang='lat' dir='ltr'>insurgite</span> <span class='ocrx_word' id='word_1_206' title='bbox 610 2729 713 2787; x_wconf 81' lang='lat' dir='ltr'>remis’</span> <span class='ocrx_word' id='word_1_207' title='bbox 849 2747 886 2794; x_wconf 78' lang='lat'>560</span> 
     </span>
     <span class='ocr_line' id='line_1_33' title="bbox 56 2801 824 2886; baseline 0.012 -31"><span class='ocrx_word' id='word_1_208' title='bbox 56 2801 110 2863; x_wconf 87' lang='lat' dir='ltr'>haud</span> <span class='ocrx_word' id='word_1_209' title='bbox 123 2811 210 2868; x_wconf 90' lang='lat' dir='ltr'>minus</span> <span class='ocrx_word' id='word_1_210' title='bbox 225 2832 256 2868; x_wconf 91' lang='lat' dir='ltr'>ac</span> <span class='ocrx_word' id='word_1_211' title='bbox 273 2810 339 2867; x_wconf 89' lang='lat' dir='ltr'>iussi</span> <span class='ocrx_word' id='word_1_212' title='bbox 355 2810 476 2879; x_wconf 87' lang='lat' dir='ltr'>faciunt,</span> <span class='ocrx_word' id='word_1_213' title='bbox 493 2809 657 2886; x_wconf 87' lang='lat' dir='ltr'>primusque</span> <span class='ocrx_word' id='word_1_214' title='bbox 673 2810 824 2866; x_wconf 89' lang='lat' dir='ltr'>rudentem</span> 
     </span>
     <span class='ocr_line' id='line_1_34' title="bbox 56 2890 740 2967; baseline 0.01 -27"><span class='ocrx_word' id='word_1_215' title='bbox 56 2891 165 2947; x_wconf 72' lang='lat' dir='ltr'>contorsit</span> <span class='ocrx_word' id='word_1_216' title='bbox 178 2893 270 2948; x_wconf 90' lang='lat' dir='ltr'>laevas</span> <span class='ocrx_word' id='word_1_217' title='bbox 284 2911 396 2967; x_wconf 89' lang='lat' dir='ltr'>proram</span> <span class='ocrx_word' id='word_1_218' title='bbox 413 2890 564 2946; x_wconf 90' lang='lat' dir='ltr'>Palinurus</span> <span class='ocrx_word' id='word_1_219' title='bbox 579 2891 615 2946; x_wconf 90' lang='lat' dir='ltr'>ad</span> <span class='ocrx_word' id='word_1_220' title='bbox 630 2891 719 2946; x_wconf 90' lang='lat' dir='ltr'>undas</span> <span class='ocrx_word' id='word_1_221' title='bbox 734 2913 740 2947; x_wconf 74' lang='grc' dir='ltr'>ε</span> 
     </span>
     <span class='ocr_line' id='line_1_35' title="bbox 57 2959 763 3047; baseline 0.016 -32"><span class='ocrx_word' id='word_1_222' title='bbox 57 2959 139 3026; x_wconf 86' lang='lat' dir='ltr'>laevam</span> <span class='ocrx_word' id='word_1_223' title='bbox 153 2988 255 3029; x_wconf 92' lang='lat' dir='ltr'>cuncta</span> <span class='ocrx_word' id='word_1_224' title='bbox 271 2972 372 3028; x_wconf 91' lang='lat' dir='ltr'>cohors</span> <span class='ocrx_word' id='word_1_225' title='bbox 387 2971 472 3027; x_wconf 90' lang='lat' dir='ltr'>remis</span> <span class='ocrx_word' id='word_1_226' title='bbox 487 2971 637 3047; x_wconf 87' lang='lat' dir='ltr'>ventisque</span> <span class='ocrx_word' id='word_1_227' title='bbox 652 2970 763 3047; x_wconf 88' lang='lat' dir='ltr'>petivit.</span> 
     </span>
     <span class='ocr_line' id='line_1_36' title="bbox 57 3043 730 3124; baseline 0.019 -31"><span class='ocrx_word' id='word_1_228' title='bbox 57 3043 157 3106; x_wconf 86' lang='lat' dir='ltr'>tollimur</span> <span class='ocrx_word' id='word_1_229' title='bbox 171 3052 199 3108; x_wconf 91' lang='lat' dir='ltr'>in</span> <span class='ocrx_word' id='word_1_230' title='bbox 215 3053 328 3109; x_wconf 89' lang='lat' dir='ltr'>caelum</span> <span class='ocrx_word' id='word_1_231' title='bbox 344 3067 461 3108; x_wconf 92' lang='lat' dir='ltr'>curvato</span> <span class='ocrx_word' id='word_1_232' title='bbox 476 3051 594 3124; x_wconf 91' lang='lat' dir='ltr'>gurgite,</span> <span class='ocrx_word' id='word_1_233' title='bbox 611 3067 639 3107; x_wconf 89' lang='lat' dir='ltr'>et</span> <span class='ocrx_word' id='word_1_234' title='bbox 654 3051 730 3106; x_wconf 90' lang='lat' dir='ltr'>idem</span> 
     </span>
     <span class='ocr_line' id='line_1_37' title="bbox 57 3122 700 3190; baseline 0.017 -15"><span class='ocrx_word' id='word_1_235' title='bbox 57 3122 166 3187; x_wconf 84' lang='lat' dir='ltr'>subducta</span> <span class='ocrx_word' id='word_1_236' title='bbox 180 3133 213 3190; x_wconf 92' lang='lat' dir='ltr'>ad</span> <span class='ocrx_word' id='word_1_237' title='bbox 231 3134 336 3189; x_wconf 87' lang='lat' dir='ltr'>Manes</span> <span class='ocrx_word' id='word_1_238' title='bbox 352 3133 422 3188; x_wconf 92' lang='lat' dir='ltr'>imos</span> <span class='ocrx_word' id='word_1_239' title='bbox 438 3131 600 3188; x_wconf 90' lang='lat' dir='ltr'>desedimus</span> <span class='ocrx_word' id='word_1_240' title='bbox 615 3132 700 3187; x_wconf 90' lang='lat' dir='ltr'>unda.</span> 
     </span>
    </p>

    <p class='ocr_par' dir='ltr' id='par_1_3' title="bbox 251 3224 587 3287">
     <span class='ocr_line' id='line_1_38' title="bbox 251 3224 587 3287; baseline -0.006 -16"><span class='ocrx_word' id='word_1_241' title='bbox 251 3239 294 3287; x_wconf 81' lang='lat'>535</span> <span class='ocrx_word' id='word_1_242' title='bbox 315 3226 444 3271; x_wconf 87' lang='lat' dir='ltr'>dimittunt.</span> <span class='ocrx_word' id='word_1_243' title='bbox 481 3225 524 3285; x_wconf 79' lang='lat'>558</span> <span class='ocrx_word' id='word_1_244' title='bbox 543 3224 587 3270; x_wconf 91' lang='lat' dir='ltr'>hic.</span> 
     </span>
    </p>
   </div>
   <div class='ocr_carea' id='block_1_3' title="bbox 0 0 1008 3614">
    <p class='ocr_par' dir='ltr' id='par_1_4' title="bbox 0 0 1008 3614">
     <span class='ocr_line' id='line_1_39' title="bbox 0 0 1008 3614; baseline 0 0"><span class='ocrx_word' id='word_1_245' title='bbox 0 0 1008 3614; x_wconf 95' lang='lat' dir='ltr'> </span> 
     </span>
    </p>
   </div>
  </div>
 </body>
</html>
