2002 3614
75 195 120 241 ¹04
348 182 375 228 P.
392 180 534 229 VERGILI
553 181 709 230 MARONIS

111 310 218 367 Albani
234 310 358 367 docuere
374 331 457 380 suos;
478 310 547 368 hinc
564 309 686 368 maxima
701 332 787 387 porro
941 331 979 369 600

112 390 224 467 accepit
240 391 340 461 Roma,
357 407 385 448 et
399 391 526 468 patrium
541 391 663 449 servavit
677 393 838 461 honorem3

112 471 259 548 Troiaque
275 491 353 528 nunc
368 471 460 548 pueri,
477 471 641 529 Troianum
655 471 763 528 dicitur
778 492 892 547 agmen.

112 553 165 608 hac
180 552 324 609 celebrata
340 567 423 609 tenus
439 568 538 610 sancto
554 551 709 610 certamina
724 552 808 629 patri.

152 632 199 689 hic
215 631 340 707 primum
355 633 472 690 fortuna
487 633 573 690 fidem
588 648 697 690 mutata
712 633 839 692 novavit.

106 772 108 775 ,
131 762 139 770 .
295 713 407 770 tumulo
423 713 554 770 referunt
568 712 719 770 sollemnia
735 713 822 783 ludis,

112 794 182 850 Irim
197 793 232 850 de
247 813 297 850 cae
311 814 328 850 ο
344 809 422 851 mrsrt
459 809 572 851 aturnra
605 814 662 850 uno

112 873 231 930 Iliacam
247 874 282 930 ad
296 875 424 946 classem,
441 890 600 952 ventosque
615 874 739 950 adspirat
754 852 846 947 eunti,

112 954 202 1011 multa
218 975 344 1027 movens,
361 956 488 1012 necdum
504 954 657 1031 antiquum
671 969 794 1012 saturata
809 955 952 1014 dolorem.

111 1034 171 1104 illa,
187 1034 262 1091 viam
277 1035 406 1093 celerans
421 1056 472 1112 per
488 1035 568 1092 mille
584 1034 727 1092 coloribus
743 1055 851 1106 arcum,

112 1115 184 1172 nulli
200 1115 259 1172 visa
275 1115 332 1173 cito
348 1115 476 1173 decurrit
492 1115 605 1174 tramite
620 1115 716 1189 virgo:
940 1137 979 1174 610

111 1195 254 1272 conspicit
269 1196 418 1270 ingentem
433 1216 615 1266 concursum,
632 1211 660 1253 et
675 1195 759 1253 litora
774 1196 887 1267 lustrat,

111 1276 295 1353 desertosque
309 1277 389 1334 videt
403 1293 502 1354 portus
518 1277 694 1353 classemque
709 1276 851 1334 relictam.

112 1372 140 1414 at
154 1358 254 1433 procul
271 1356 301 1413 in
317 1358 375 1414 sola
391 1373 517 1414 secretae
533 1357 663 1414 Troades
678 1371 741 1413 acta

112 1438 246 1494 amissum
260 1438 408 1495 Anchisen
425 1437 543 1508 flebant,
559 1452 739 1513 cunctaeque
753 1437 935 1513 profundum

112 1534 234 1594 pontum
249 1519 434 1594 aspectabant
449 1517 551 1576 flentes
563 1519 675 1591 :,‘heu,
692 1532 735 1574 tot
749 1517 821 1574 vada
836 1517 928 1590 fessis,

113 1614 141 1655 et
156 1613 270 1655 tantum
284 1619 430 1676 superesse
446 1599 530 1656 maris
541 1594 640 1657 !’L''v0x
655 1598 789 1656 omnibus
805 1618 871 1655 una.

112 1679 212 1736 urbem
227 1695 329 1749 orant;
352 1680 448 1737 taedet
463 1679 555 1770 pelagi
571 1679 697 1770 perferre
713 1679 849 1754 lahpgem.

117 1787 122 1791 ·
148 1787 153 1799 ·
244 1786 249 1791 ·
319 1781 390 1817 ras
406 1781 465 1817 sese
503 1780 537 1816 au
557 1779 669 1834 ignara
684 1760 809 1817 nocendr

111 1840 229 1909 conicit,
245 1855 274 1896 et
289 1840 451 1917 faciemque
465 1841 536 1898 deae
551 1854 716 1916 vestemque
732 1823 863 1917 reponit:

112 1920 143 1977 lit
159 1921 258 1990 Beroe',
275 1921 387 1977 Tmarii
404 1920 534 1978 coniunx
549 1920 686 1994 longaeva
700 1920 831 1996 Dorycli,
936 1939 977 1978 620

111 2001 158 2058 cui
174 2021 262 2075 genus
279 2016 307 2057 et
322 2002 469 2077 quondam
485 2021 591 2057 nomen
608 2000 727 2077 natique
744 2001 865 2058 fuissent
875 2026 884 2070 ;

111 2103 143 2139 ac
159 2082 198 2139 sic
214 2081 413 2138 Dardanidum
429 2081 554 2139 mediam
569 2101 598 2138 se
614 2081 751 2137 matribus
766 2080 873 2138 infert:

92 2168 128 2219 ‘o
144 2162 272 2233 miserae,
288 2183 356 2239 quas
372 2183 431 2218 non
448 2161 569 2232 manus,'
584 2161 689 2238 inquit,
706 2161 850 2218 ‘Achaica
866 2161 942 2218 bello

111 2243 229 2299 traxerit
244 2243 280 2299 ad
295 2244 387 2299 letum
402 2242 509 2319 patriae
525 2242 577 2299 sub
591 2241 759 2300 moenibus!
783 2262 800 2298 ο
815 2262 884 2317 gens

111 2322 230 2381 infelix!
255 2323 301 2380 cui
318 2340 345 2380 te
361 2323 450 2380 exitio
465 2323 580 2379 fortuna
595 2326 737 2397 reservati

111 2404 231 2478 septima
246 2420 310 2479 post
326 2404 433 2461 Troiae
449 2403 595 2460 excidium
610 2403 671 2460 iam
682 2402 804 2459 vertitur
819 2419 918 2475 aestas,

112 2505 177 2540 cum
194 2484 275 2555 freta,
291 2506 357 2542 cum
373 2500 459 2542 terras
475 2504 590 2553 omnes,
601 2499 643 2540 tot
658 2482 804 2559 inhospita
819 2505 885 2541 saxa

112 2565 260 2641 sideraque
276 2586 408 2622 emensae
424 2565 552 2634 ferimur,
568 2564 639 2621 dum
653 2585 704 2641 per
718 2584 795 2620 mare
811 2584 945 2638 magnum

111 2645 225 2701 Italiam
241 2646 387 2722 sequimur
402 2645 571 2720 fugientem,
588 2660 616 2701 et
630 2644 773 2701 volvimur
788 2645 882 2703 undis.

110 2725 158 2782 hic
174 2726 272 2801 Erycis
288 2726 357 2783 fines
374 2725 502 2795 fraterni,
518 2741 604 2801 atque
619 2726 720 2800 hospes
734 2726 871 2782 Acestes:
935 2742 974 2791 630

111 2805 173 2882 quis
189 2806 323 2881 prohibet
339 2827 432 2863 muros
448 2806 550 2876 iacere,
567 2821 596 2862 et
611 2805 676 2862 dare
692 2804 802 2862 civibus
819 2806 937 2862 urbem?

111 2907 128 2942 ο
143 2886 243 2961 patria,
260 2903 288 2943 et
303 2887 375 2962 rapti
392 2886 568 2963 nequiquam
585 2906 619 2942 ex
634 2887 715 2942 hoste
731 2885 864 2957 Penates,

112 2966 253 3023 nullane
246 2986 303 3022 ram
318 2967 426 3024 Troiae
441 2966 575 3023 dicentur
591 2966 723 3022 moenia?
745 2986 887 3042 nusquam

113 3047 273 3104 Hectoreos
289 3067 395 3118 amnes,
412 3048 564 3103 Xanthum
579 3062 608 3102 et
624 3045 779 3136 Simoenta,
796 3046 920 3103 videbo?

112 3127 182 3204 quin
198 3126 272 3201 agite
288 3144 316 3183 et
331 3147 446 3184 mecum
460 3126 599 3182 infaustas
615 3125 725 3182 exurite
740 3147 861 3202 puppes.

112 3228 177 3264 nam
193 3206 262 3262 mihi
281 3207 457 3264 Cassandrae
472 3227 524 3282 per
538 3226 670 3263 somnum
686 3206 757 3262 vatis
773 3206 867 3280 imago
