2002 3614
71 185 101 234 54
340 174 366 221 n
384 173 524 222 vinonr
543 173 699 224 Minonis

149 324 215 378 ergo
229 303 373 380 insperata
389 304 506 360 tandem
523 305 626 361 tellure
641 305 728 381 potiti

107 385 317 462 lustramurque
334 386 394 442 lovi
412 384 543 461 votisque
558 384 743 442 incendimus
757 407 819 444 aras

106 465 249 542 Actiaque
264 465 361 522 Iliacis
377 465 556 522 celebramus
571 465 655 522 litora
671 466 755 524 ludis.

106 562 242 603 exercent
257 546 361 622 patrias
378 546 443 602 oleo
459 546 576 603 labente
590 547 745 622 palaestras

105 627 205 683 nudati
221 627 310 696 socii;
331 626 411 683 iuvat
427 626 547 683 evasisse
563 642 605 683 tot
621 628 704 684 urbes

105 707 251 781 Argolicas
277 707 447 784 mediosque
464 708 560 781 fugam
576 707 702 764 tenuisse
716 728 769 783 per
784 710 892 766 hostes.

104 787 214 844 interea
230 808 365 862 magnum
381 789 422 844 sol
440 787 677 845 circumvolvitur
692 809 812 860 annum,

105 884 133 924 et
147 868 273 942 glacialis
288 869 401 945 hiemps
418 868 614 945 Aquilonibus
629 869 849 944 asperat-undas
864 893 870 927 :

104 969 168 1005 aere
184 969 253 1005 cavo
269 949 406 1025 clipeum,
425 949 520 1023 magni
536 964 682 1023 gestamen
698 949 833 1020 Abantis,

103 1029 232 1105 postibus
247 1029 371 1086 adversis
387 1030 441 1103 figo
460 1046 488 1086 et
503 1049 564 1086 rem
580 1029 707 1086 carmine
722 1029 806 1104 'signo
821 1053 827 1088 :

104 1130 207 1166 usuras
224 1130 298 1167 nnnc
314 1130 349 1166 un
364 1130 467 1166 unnars
482 1129 649 1166 vrcronrnus
663 1129 755 1168 anna·

82 1190 86 1196 ’
104 1191 235 1267 linquere
252 1207 312 1247 tum
327 1207 425 1267 portus
443 1190 529 1247 iubeo
546 1206 574 1246 et
589 1190 739 1247 considere
756 1193 896 1250 transtris.

104 1271 237 1328 certatim
252 1271 320 1328 socii
337 1270 448 1327 feriunt
465 1291 542 1327 mare
559 1286 586 1327 et
601 1291 723 1347 aequora
739 1289 871 1330 verrunt.

104 1351 234 1428 protinus
249 1350 335 1408 a'e'rias
353 1351 519 1408 Phaeacum
534 1351 735 1408 abscondimus
751 1373 830 1410 arces

105 1432 245 1509 litoraque
262 1431 341 1508 Epiri
358 1431 481 1506 legimus
497 1446 639 1508 portuque
654 1431 782 1489 subimus

106 1513 239 1570 Chaonio
255 1528 283 1569 et
300 1513 407 1570 celsam
424 1512 560 1569 Buthroti
576 1512 739 1569 accedimus
755 1513 868 1573 urbem.

145 1594 192 1650 hic
208 1593 387 1650 incredibilis
404 1613 501 1649 rerum
517 1593 592 1649 fama
607 1608 730 1668 occupat
745 1615 838 1665 aures,

106 1673 270 1731 Priamiden
287 1673 438 1730 Helenum
457 1672 558 1730 Graias
574 1693 691 1747 regnare
706 1694 759 1749 per
774 1675 868 1745 urbes,

105 1754 239 1828 coniugio
254 1753 398 1811 Aeacidae
416 1753 519 1829 Pyrrhi
535 1753 711 1831 sceptrisque
725 1755 864 1830 potitum,

106 1851 134 1892 et
148 1835 241 1911 patrio
256 1835 483 1891 Andromachen
499 1833 605 1891 iterum
620 1834 734 1892 cessisse
750 1836 865 1894 marito.

105 1915 240 1992 obstipui,
256 1915 386 1992 miroque
402 1915 555 1972 incensum
569 1930 670 1991 pectus
685 1935 782 1972 amore

106 1998 280 2073 compellare
296 1996 389 2052 virum
406 2012 434 2052 et
452 2017 530 2052 casus
546 2015 717 2070 cognoscere
734 2012 840 2055 tantos.

106 2077 271 2154 progredior
285 2092 379 2153 portu,
397 2077 499 2133 classes
514 2091 543 2133 et
558 2076 641 2132 litora
657 2076 803 2153 linquens,

107 2160 260 2215 sollemnes
276 2178 342 2215 cum
359 2157 434 2213 forte
451 2158 536 2233 dapes
554 2172 582 2212 et
598 2156 687 2213 tristia
704 2156 779 2214 dona

107 2256 174 2295 ante
190 2241 290 2296 urbem
305 2238 335 2294 in
352 2239 418 2294 luco
435 2237 498 2294 falsi
516 2237 669 2294 Simo'e'ntis
685 2237 720 2293 ad
736 2239 846 2296 undam

107 2320 215 2377 libabat
230 2319 319 2376 cineri
336 2319 541 2374 Andromache
558 2318 719 2394 Manesque
735 2320 858 2377 vocabat

108 2400 287 2470 Hectoreum
324 2399 359 2455 ad
404 2399 557 2467 tumulum,
593 2397 677 2454 viridi
721 2419 808 2474 quem
847 2421 920 2475 caesq

188 2480 305 2536 inanem

109 2577 137 2618 et
152 2561 289 2635 geminas,
306 2580 420 2616 causam
436 2559 570 2628 lacrimis,
586 2575 744 2616 sacraverat
760 2581 829 2617 aras.

108 2658 139 2698 ut
155 2662 201 2698 me
217 2640 369 2716 conspexit
384 2640 552 2696 venientem
569 2655 597 2695 et
614 2640 702 2695 Tro'r‘a
719 2639 829 2696 circum

108 2743 184 2778 arma
201 2742 299 2778 amens
315 2720 396 2790 vidit,
413 2719 521 2794 magnis
538 2719 672 2776 exterrita
688 2721 824 2776 monstris

108 2802 232 2876 deriguit
247 2801 308 2857 visu
324 2800 354 2856 in
371 2800 485 2869 medi03
508 2800 585 2856 calor
600 2821 659 2856 ossa
675 2800 793 2877 reliquit
807 2827 815 2869 ;

108 2883 222 2952 labitur,
240 2898 268 2938 et
284 2882 370 2955 longo
385 2881 432 2937 vix
449 2880 567 2937 tandem
583 2896 712 2956 tempore
728 2881 825 2937 fatur:

89 2970 211 3019 ‘verane
229 2977 256 3018 te
272 2961 368 3030 facies,
384 2983 465 3018 verus
481 2960 551 3017 mihi
568 2961 686 3017 nuntius
702 2961 805 3031 adfers,

109 3060 176 3099 nate
192 3043 266 3099 dea?
288 3041 419 3098 vivisne?
442 3057 498 3111 aut,
515 3040 535 3097 si
552 3041 600 3097 lux
617 3041 690 3096 alma
706 3041 832 3110 recessit,

111 3124 222 3180 Hector
238 3123 285 3180 ubi
303 3139 344 3179 est
355 3122 383 3178 ?'
399 3121 481 3192 dixit,
495 3121 683 3197 lacrimasque
697 3121 799 3177 effudit
813 3139 841 3179 ct
853 3142 921 3178 omn

382 3229 427 3277 292
440 3223 523 3276 =portus
536 3213 659 3261 Chaonios.
