2002 3614
326 176 490 224 AENEIDOS
508 175 570 223 LIB.
587 175 625 223 Vl

66 306 128 384 quis
143 307 243 383 procul
259 307 311 364 ille
326 323 422 364 autem
436 307 519 364 ramis
535 299 652 382 insignis
667 308 760 365 olivae

66 408 142 444 sacra
158 388 272 445 ferens?
294 408 380 445 nosco
395 388 486 445 crines
502 388 662 466 incanaque
677 404 775 445 menta

65 467 136 542 regis
153 468 287 539 Romani,
302 468 424 544 primam
439 468 488 544 qui
505 468 614 543 legibus
630 470 729 526 urbem
888 487 927 526 810

65 548 210 619 fundabit,
227 548 351 605 Curibus
365 548 458 625 parvis
474 564 502 605 et
517 569 641 625 paupere
657 564 729 606 terra

65 629 165 686 missus
181 629 212 685 in
227 629 380 705 imperium
396 648 540 702 magnum.
583 629 629 686 cui
645 630 751 686 deinde
766 630 882 701 subibit,

64 709 123 767 otia
138 709 187 786 qui
204 725 318 786 rumpet
332 709 440 785 patriae
456 709 618 786 residesque
633 710 761 767 movebit

65 790 172 847 Tullus
187 790 218 846 in
233 809 310 847 arma
324 789 397 847 viros
413 805 442 846 et
457 790 513 846 iam
529 790 646 847 desueta
663 790 812 866 triumphis

64 871 187 944 agmina.
230 891 317 947 quem
332 870 412 927 iuxta
427 871 554 947 sequitur
570 871 723 927 iactantior
736 871 844 941 Ancus,

65 971 142 1009 nunc
158 971 273 1028 quoque
289 950 345 1007 iam
361 951 484 1007 nimium
499 951 624 1026 gaudens
642 951 827 1027 popularibus
843 951 926 1009 auris.

63 1032 105 1088 vis
121 1047 150 1089 et
166 1031 341 1108 Tarquinios
357 1052 435 1105 reges
451 1031 634 1108 animamque
649 1032 800 1107 superbam

64 1112 165 1168 ultoris
181 1112 263 1168 Bruti
280 1111 426 1202 fascesque
442 1112 539 1168 videre
554 1116 702 1187 receptos?

64 1191 212 1249 consulis
205 1191 359 1268 imperium
374 1192 420 1249 hic
436 1192 543 1268 primus
559 1213 711 1269 saevasque
726 1213 836 1250 secures

64 1272 199 1348 accipiet,
215 1288 354 1349 natosque
369 1289 459 1348 pater,
476 1293 548 1329 nova
563 1273 640 1329 bella
655 1289 813 1344 moventes,
890 1291 928 1330 ιω

64 1352 100 1410 ad
114 1373 239 1429 poenam
253 1352 373 1429 pulchra
387 1373 438 1428 pro
454 1352 586 1410 libertate
601 1354 724 1423 vocabit,

64 1433 185 1492 infelix!
210 1449 367 1510 utcumque
383 1433 477 1490 ferent
492 1453 524 1489 ea
540 1433 615 1490 facta
631 1433 764 1504 minores,

63 1514 162 1571 vincet
177 1534 256 1571 amor
270 1513 377 1589 patriae
393 1513 569 1590 laudumque
585 1514 714 1571 inmensa
730 1514 845 1590 cupid0.

64 1594 134 1671 quin
150 1594 257 1652 Decios
272 1594 437 1671 Drusosque
452 1595 562 1670 procul,
579 1615 750 1671 saevumque
766 1595 855 1652 securi

64 1675 159 1752 aspice
175 1675 368 1760 Torquatum,
384 1690 412 1731 et
427 1674 634 1732 referentem
614 1696 692 1749 signa
708 1675 877 1734 Camillum.

64 1756 132 1813 illae
147 1771 255 1825 autem,
270 1751 383 1846 paribus
398 1777 466 1832 quas
482 1755 591 1830 fulgere
607 1756 697 1813 cernis
713 1755 742 1812 in
759 1756 851 1826 armis,

64 1836 220 1894 concordes
236 1836 348 1893 animae
364 1857 451 1906 nunc,
468 1852 496 1893 et
511 1837 580 1893 dum
596 1852 681 1893 nocte
696 1852 874 1912 premuntur,

63 1918 120 1975 heu
136 1932 278 1993 quantum
293 1916 368 1973 inter
382 1936 411 1973 se
427 1917 583 1987 bellum,
562 1938 584 1974 si
601 1917 710 1974 lumina
725 1917 800 1974 vitae

64 1997 222 2073 attigerint,
238 2012 357 2074 quantas
373 1997 446 2055 acies
462 2013 639 2074 stragemque
654 1998 782 2068 ciebunt,

64 2079 212 2153 aggeribus
227 2099 306 2136 socer
319 2078 433 2154 Alpinis
450 2094 536 2154 atque
552 2098 615 2135 arce
631 2078 769 2134 Monoeci
889 2096 927 2144 830

63 2159 252 2229 descendens,
267 2179 353 2233 gener
368 2158 490 2216 adversis
505 2159 659 2216 instructus
676 2159 758 2216 Eois!

64 2261 110 2310 ne,
126 2239 218 2316 pueri,
234 2260 270 2296 ne
286 2255 365 2297 tanta
380 2239 481 2296 animis
498 2239 657 2296 adsuescite
672 2239 757 2309 bella,

65 2341 121 2377 neu
134 2320 244 2396 patriae
259 2320 387 2376 validas
380 2341 410 2376 ιιι
426 2320 532 2377 viscera
547 2319 649 2376 vertite
665 2319 755 2377 vires:

64 2416 154 2477 tuque
169 2400 254 2476 prior,
271 2416 301 2457 tu
317 2421 410 2477 parce,
426 2421 514 2474 genus
530 2422 578 2477 qur
571 2400 675 2457 ducis
691 2400 838 2476 Olympo;

64 2481 161 2557 proice
178 2481 235 2538 tela
249 2501 346 2550 manu,
362 2482 473 2556 sanguis
489 2480 611 2537 meus!

65 2561 115 2618 ille
131 2561 306 2636 triumphata
323 2561 468 2637 Capitolia
484 2561 518 2617 ad
535 2562 591 2617 alta
607 2560 750 2618 Corintho

64 2642 156 2698 victor
171 2657 235 2715 aget
250 2662 372 2711 currum,
388 2641 475 2698 caesis
491 2641 607 2715 insignis
622 2642 749 2699 Achivis.

65 2738 145 2779 eruet
160 2722 211 2778 ille
226 2723 313 2796 Argos
329 2722 625 2796 Agamemnoniasque
643 2723 792 2796 Mycenas,

64 2803 215 2879 ipsumque
230 2801 388 2869 Aeaciden,
402 2822 490 2875 genus
506 2801 703 2876 armipotentis
718 2801 837 2871 Achilli,

64 2884 139 2939 ultus
155 2903 221 2939 avos
238 2881 354 2950 Troiae,
370 2882 477 2956 templa
493 2898 521 2937 et
538 2897 674 2937 temerata
690 2882 851 2938 Minervae.
887 2899 924 2945 840

63 2964 125 3039 quis
138 2978 176 3032 te,
187 2982 291 3035 magne
304 2961 389 3030 Cat0,
399 2961 530 3029 taciturn,
542 2976 590 3017 aut
603 2976 640 3028 te,
652 2961 749 3030 Cosse,
762 2961 923 3035 relinquat?

63 3043 124 3119 quis
142 3042 269 3099 Gracchi
285 3061 384 3115 genus,
400 3057 448 3097 aut
463 3041 600 3115 geminos,
615 3040 672 3095 duo
689 3041 810 3096 fulmina
826 3039 905 3109 belli,

65 3124 218 3199 Scipiadas,
235 3121 350 3178 cladem
364 3122 482 3196 Libyae,
498 3141 641 3197 parvoque
655 3135 805 3195 potentem

376 3213 420 3270 827
439 3222 577 3272 prementur.
