2002 3614
72 212 101 258 30

342 197 368 242 P.
387 195 527 242 VERGlLI
547 195 703 242 MARONIS

111 330 167 386 feta
182 328 263 385 armis
278 351 284 386 :
306 327 385 404 pueri
402 327 511 384 circum
526 327 719 405 innuptaeque
734 329 847 403 puellae

110 429 186 467 sacra
201 423 318 478 canunt,
333 409 488 485 funemque
503 428 588 464 manu
604 408 770 483 contingere
785 409 912 484 gaudent.

109 490 158 546 illa
173 489 258 559 subit,
273 489 438 566 mediaeque
453 488 563 545 minans
578 489 713 546 inlabitur
728 489 800 546 urbi.

109 593 126 627 o
140 571 239 646 patria,
255 592 271 627 0
286 571 380 627 divom
396 570 495 626 domus
510 569 608 639 Ilium,
623 585 651 626 et
666 569 776 627 incluta
791 570 865 627 bello

110 652 222 708 moenia
238 651 455 709 Dardanidum!
480 665 546 727 quat
548 670 578 706 er
594 650 653 726 ipso
668 650 698 706 in
714 650 814 707 limine
829 665 915 726 portae

110 732 242 801 substitit,
258 748 341 808 atque
357 747 437 788 utero
452 731 577 788 sonitum
592 747 690 808 quater
705 752 781 788 arma
795 731 899 789 dedere.

110 814 245 870 instamus
260 828 354 869 tamen
370 812 541 869 inmemores
558 812 692 903 caecique
707 812 814 882 furore,

110 911 138 951 et
153 910 310 951 monstrum
326 893 428 949 infelix
444 908 549 950 sacrata
564 892 685 949 sistimus
701 912 773 949 arce.

111 992 179 1031 tunc
196 975 280 1031 etiam
296 973 359 1031 fatis
373 973 462 1049 aperit
479 973 634 1030 Cassandra
649 973 750 1030 futuris

111 1077 167 1125 ora,
182 1055 226 1113 dei
243 1055 318 1112 iussu
334 1075 391 1111 non
407 1074 543 1132 umquam
559 1053 664 1111 credita
680 1053 810 1111 Teucris.

111 1157 160 1193 nos
175 1135 292 1193 delubra
306 1135 391 1192 deum
407 1135 512 1204 miseri,
528 1134 629 1212 quibus
644 1134 761 1192 ultimus
777 1151 845 1192 esset

111 1217 160 1274 ille
175 1216 243 1285 dies,
258 1217 327 1273 festa
341 1217 467 1272 velamus
483 1215 582 1273 fronde
597 1236 646 1291 per
662 1216 773 1274 urbem.

152 1297 270 1354 vertitur
285 1297 392 1354 interea
407 1296 530 1366 caelum,
545 1312 573 1353 et
588 1296 643 1354 ruit
659 1297 777 1353 Oceano
792 1316 856 1365 nor,
920 1317 939 1353 u

111 1378 258 1446 involvens
274 1378 373 1435 umbra
387 1397 488 1451 magna
504 1391 662 1454 terramque
677 1378 831 1454 polumque

113 1458 388 1535 Myrmidonumque
402 1458 503 1524 dolos;
526 1457 579 1514 fusi
594 1478 644 1533 per
659 1458 772 1515 moenia
787 1455 887 1515 Teucri

112 1539 276 1597 conticuere
289 1564 298 1608 ;
319 1560 400 1614 sopor
415 1539 500 1595 fessos
515 1538 716 1614 complectitur
730 1553 815 1596 artus.

112 1637 139 1677 et
154 1620 210 1677 iam
225 1620 329 1694 Argiva
344 1619 468 1694 phalanx
483 1619 626 1676 instructis
642 1619 760 1676 navibus
775 1619 832 1677 ibat
848 1665 851 1675 .

112 1722 127 1757 a
143 1700 263 1757 Tenedo
279 1700 379 1757 tacitae
394 1720 444 1776 per
459 1699 550 1756 amica
565 1699 677 1756 silentia
693 1700 777 1757 lunae

113 1781 194 1838 litora
208 1797 274 1838 nota
289 1795 397 1856 petens,
413 1779 538 1837 flammas
555 1800 623 1837 cum
637 1780 712 1854 regia
727 1781 829 1857 puppis

113 1862 262 1930 extulerat,
278 1861 396 1938 fatisque
412 1861 498 1917 deum
514 1861 646 1918 defensus
661 1861 765 1938 iniquis

113 1943 236 1999 inclusos
251 1956 330 1999 utero
345 1942 458 1999 Danaos
474 1957 501 1998 et
517 1941 601 2016 pinea
616 1941 715 1998 furtim

113 2024 188 2081 laxat
203 2023 324 2080 claustra
339 2022 437 2079 Sinon.
481 2022 543 2078 illos
559 2023 714 2097 patefactus
730 2023 765 2079 ad
780 2043 855 2080 auras

113 2104 204 2161 reddit
219 2124 316 2180 equus,
332 2102 455 2179 laetique
471 2123 540 2159 cavo
555 2123 583 2159 se
598 2103 697 2159 robore
713 2120 846 2178 promunt
882 2170 888 2180 ¹
924 2107 939 2146 2(

114 2185 309 2241 Thessandrus
326 2184 533 2260 Sthenelusque
550 2183 644 2252 duces,
661 2198 689 2239 et
704 2184 781 2240 dirus
797 2184 900 2247 Ulixes,

113 2266 266 2321 demissum
282 2264 349 2340 lapsi
365 2285 415 2341 per
430 2265 540 2333 funem,
556 2265 743 2341 Acamasque,
759 2265 910 2341 Thoasque,

115 2346 281 2422 Pelidesque
296 2345 514 2420 Neoptolemus,
530 2345 693 2421 primusque
710 2345 862 2414 Machaon,

114 2443 141 2482 et
158 2427 318 2495 Menelaus,
333 2425 435 2500 etipse
450 2424 508 2481 doli
526 2425 674 2483 fabricator
689 2426 790 2500 Epeos.

115 2507 253 2564 invadunt
268 2507 367 2562 urbem
382 2526 482 2562 somno
497 2505 621 2584 vinoque
637 2507 798 2581 sepultam,

114 2588 271 2644 caeduntur
286 2587 394 2677 vigiles,
409 2586 553 2663 portisque
569 2587 730 2678 patentibus
744 2608 840 2644 omnes

115 2668 259 2742 accipiunt
275 2667 370 2736 socios,
389 2684 471 2745 atque
487 2667 599 2741 agmina
614 2668 728 2724 conscia
742 2668 870 2742 iungunt.

156 2765 265 2839 tempus
282 2764 349 2816 erat,
365 2769 420 2825 quo
437 2747 526 2823 prima
541 2749 619 2840 quies
635 2748 798 2805 mortalibus
813 2745 892 2821 aegris

116 2829 227 2903 incipit,
243 2845 271 2885 et
285 2829 361 2884 dono
376 2829 471 2885 divom
487 2829 641 2903 gratissima
656 2829 749 2904 serpit.

116 2910 144 2964 in
161 2909 274 2978 somnis,
290 2929 368 2978 ecce,
383 2925 447 2966 ante
463 2909 560 2966 oculos
575 2909 772 2966 maestissimus
789 2910 894 2965 Hector
930 2919 939 2946 2

116 2989 188 3046 visus
204 2990 298 3046 adesse
314 2989 396 3058 mihi,
412 2991 556 3066 largosque
572 2991 717 3046 effundere
733 2989 823 3058 fletus,

117 3085 237 3144 raptatus
254 3069 334 3143 bigis,
350 3086 380 3126 ut
395 3071 548 3146 quondam,
564 3088 678 3146 aterque
694 3086 814 3126 cruento

117 3151 242 3224 pulvere,
258 3170 362 3226 perque
379 3151 461 3225 pedes
478 3151 608 3207 traiectus
624 3153 681 3207 lora
697 3165 844 3207 tumentes.

434 3256 477 3303 251
498 3259 614 3302 magnam.
