2002 3614
338 181 364 227 P.
382 181 523 228 VERGlLl
543 180 699 229 MARONIS

108 308 163 364 iam
179 307 309 365 flammae
325 309 443 366 tulerint
458 309 591 366 inimicus
607 326 635 367 et
649 309 773 367 hauserit
789 310 868 368 ensis.

109 409 166 445 non
182 389 233 446 tibi
250 389 422 464 Tyndaridis
438 390 523 447 facies
538 390 627 446 invisa
642 390 798 460 Lacaenae,

108 470 273 544 culpatusve
290 470 373 539 Paris,
390 471 485 527 divom
501 471 695 540 inclementia,
710 471 817 539 divom,

108 552 155 606 has
171 550 271 607 evertit
286 571 362 626 opes,
377 552 533 628 sternitque
548 572 563 608 a
578 551 705 608 culmine
721 552 850 610 Troiam.

108 630 365 707 aspice-namque
380 652 505 701 omnem,
521 653 592 708 quae
608 651 685 688 nunc
702 631 827 689 obducta
843 646 921 691 tuent

109 711 238 768 mortales
254 711 368 768 hebetat
383 712 455 768 visus
471 712 522 768 tibi
538 728 566 769 et
582 712 677 769 umida
692 712 802 770 circum

109 791 220 865 caligat,
235 792 342 848 nubem
358 793 494 868 eripiam:
517 809 547 849 tu
563 812 599 848 ne
615 813 668 869 qua
683 793 808 868 parentis

109 872 180 928 iussa
195 872 274 942 time,
289 893 345 929 neu
361 873 516 948 praeceptis
531 893 627 948 parere
645 893 784 930 recusa—

108 953 165 1022 hic,
182 953 229 1009 ubi
245 953 373 1010 disiectas
389 955 476 1010 moles
491 954 642 1031 avulsaque
657 954 728 1010 saxis

108 1054 173 1089 saxa
187 1033 272 1102 vides,
289 1034 433 1111 mixtoque
450 1035 606 1091 undantem
621 1034 736 1110 pulvere
753 1035 875 1103 fumum,

109 1114 263 1190 Neptunus
278 1135 371 1170 muros
387 1134 544 1192 magnoque
560 1131 654 1171 emota
669 1115 785 1171 tridenti

110 1195 295 1251 fundamenta
310 1195 409 1271 quatit,
425 1212 569 1271 totamque
585 1217 599 1251 a
614 1194 724 1251 sedibus
740 1196 841 1252 urbem

110 1275 191 1332 eruit.
234 1276 280 1332 hic
297 1276 371 1332 Iuno
387 1277 484 1332 Scaeas
499 1275 656 1332 saevissima
671 1292 764 1351 portas
872 1334 874 1337 ,

110 1357 199 1431 prima
215 1372 302 1425 tenet,
318 1356 482 1434 sociumque
498 1357 594 1413 furens
609 1377 623 1413 a
639 1356 756 1413 navibus
772 1375 875 1430 agmen

111 1437 184 1493 ferro
199 1437 327 1493 accincta
342 1452 433 1494 vocat.

110 1518 165 1574 iam
180 1538 301 1574 summas
316 1537 391 1573 arces
408 1517 548 1585 Tritonia,
565 1517 682 1592 respice,
698 1517 788 1574 Pallas

110 1598 221 1667 insedit,
238 1598 337 1654 nimbo
352 1598 489 1671 effulgens
506 1615 534 1655 et
550 1598 684 1671 Gorgone
699 1617 789 1654 saeva.

110 1679 168 1754 ipse
185 1680 266 1735 Pater
280 1679 385 1735 Danais
401 1678 508 1735 animos
523 1678 650 1755 viresque
666 1678 802 1734 secundas

110 1759 232 1827 sufficit;
254 1759 312 1834 ipse
328 1759 393 1816 deos
409 1759 439 1815 in
454 1758 587 1816 Dardana
601 1758 715 1815 suscitat
730 1780 816 1816 arma.

111 1841 197 1915 eripe,
212 1856 285 1908 nate,
302 1840 407 1913 fugam,
422 1840 566 1916 finemque
581 1839 688 1916 inpone
703 1839 802 1896 labori.

111 1940 248 1997 nusquam
263 1920 354 1989 abero,
372 1937 399 1977 et
415 1936 508 1977 tutum
524 1920 614 1995 patrio
629 1937 656 1977 te
672 1918 772 1976 limine
788 1919 901 1977 sistam.'

110 2002 217 2058 dixerat
231 2026 239 2069 ;
261 2018 288 2057 et
303 2001 394 2076 spissis
409 2001 500 2057 noctis
516 2022 544 2056 se
560 1999 687 2057 condidit
703 2000 819 2058 umbris.

110 2097 244 2158 apparent
259 2081 333 2138 dirae
350 2081 442 2149 facies,
458 2081 630 2158 inimicaque
646 2080 751 2136 Troiae

110 2163 228 2219 numina
242 2182 343 2235 magna
357 2163 452 2219 deum.

152 2261 212 2300 tum
227 2264 293 2299 vcro
308 2263 392 2299 omne
409 2242 478 2298 mihi
494 2242 585 2298 visum
601 2241 745 2298 considere
761 2241 791 2297 in
807 2241 886 2316 ignes

111 2324 251 2392 Ilium,et
242 2341 300 2380 tex
318 2324 374 2379 imo
390 2323 459 2379 verti
476 2322 626 2398 Neptunia
641 2321 750 2390 Troia3

111 2425 142 2460 ac
160 2405 246 2460 veluti
263 2405 378 2460 summis
394 2404 537 2479 antiquam
553 2403 583 2459 in
600 2402 743 2460 montibus
758 2422 863 2459 ornum

111 2505 177 2540 cum
192 2485 265 2540 ferro
281 2485 399 2540 accisam
416 2484 576 2574 crebrisque
592 2482 786 2559 bipennibus
779 2477 823 2538 iris
826 2498 886 2540 tant

111 2586 207 2621 eruere
222 2564 359 2637 agricolae
375 2564 525 2633 certatim,
548 2564 596 2620 illa
611 2584 698 2640 usque
714 2563 840 2620 minatur

112 2662 140 2701 et
156 2646 319 2701 tremelacta
334 2666 444 2701 comam
460 2665 596 2701 concusso
611 2644 717 2700 vertice
732 2659 825 2712 nutat,

111 2725 275 2781 vulneribus
290 2725 380 2782 donec
396 2725 532 2816 paulatim
548 2725 638 2781 evicta
653 2744 818 2814 supremum

111 2805 275 2878 congemuit
291 2805 430 2882 traxitque
446 2806 516 2878 iugis
532 2806 625 2861 avulsa
640 2804 760 2861 ruinam.

110 2886 260 2954 descendo,
278 2906 308 2941 ac
325 2886 431 2942 ducent
422 2902 449 2942 te
464 2887 516 2941 deo
532 2884 695 2941 flammam
689 2902 764 2941 rnter
780 2899 808 2940 et
823 2885 914 2940 hostes

111 2967 267 3041 expedi0r3
289 2966 357 3022 dant
373 2968 429 3023 tela
444 2968 548 3056 locum,
565 2965 751 3041 flammaeque
767 2964 915 3020 recedunt.

152 3063 234 3122 atque
251 3047 321 3102 ubi
315 3068 369 3102 iam
384 3046 490 3122 patriae
505 3063 674 3121 peruentum
690 3046 724 3101 ad
740 3044 841 3101 limina
855 3044 921 3100 sedis

112 3127 296 3203 antiquasque
312 3128 417 3193 domos,
433 3127 553 3200 genitor,
568 3146 653 3203 quem
669 3125 792 3181 tollere
785 3145 815 3180 m
831 3126 900 3182 altos

359 3221 405 3267 616
424 3220 504 3266 limbo.
571 3221 617 3280 ⁶32
635 3221 682 3263 dea
