2002 3614
72 185 84 215 2

342 173 367 217 P.
386 170 526 215 VERGILI
546 169 701 216 MARONIS

111 300 246 369 audierat,
262 300 364 374 Tyrias
379 300 448 355 olim
463 320 534 376 quae
550 316 671 356 verteret
686 320 761 356 arces
777 325 785 368 3

111 381 230 437 hinco
189 381 518 471 MulU-QQQ
530 380 663 456 belloque
679 382 832 456 superbum

111 478 263 517 venturum
280 461 392 517 excidio
408 461 482 535 Liby
475 481 538 517 ae:
560 461 598 517 sic
615 461 728 518 volvere
746 461 850 518 Parcas.

36 541 139 597 id
155 528 284 597 metueris
300 541 458 618 veterisque
473 561 582 597 memor
598 541 726 598 Saturnia
741 541 820 611 belli,

112 642 200 697 Q
215 621 291 699 quod
307 622 341 677 ad
357 622 475 678 Troiam
492 642 541 698 pro
557 621 626 679 caris
641 639 761 695 gesserat
776 623 911 696 Argis:-

112 702 236 759 necdum
252 702 337 759 etiam
352 723 451 759 causae
466 703 570 759 irarum
585 702 716 779 saevique
731 702 841 760 dolores

111 778 276 839 exciderant
292 782 387 839 auimo
402 807 410 850 ;
432 799 529 859 nur—Qt
544 784 600 840 alta
614 799 711 840 mente
726 787 878 860 Q*

111 863 251 920 iudicium
267 864 372 920 Paridis
388 881 551 942 spretaeque
568 863 671 920 iniuria
686 864 802 934 formae,

115 936 379 954 --,.η-
513 945 518 955 .
693 944 698 955 .

112 960 139 1000 et
150 964 388 1020 geu-usinfflrm,
406 961 434 1001 et
449 961 519 1021 rapti
536 944 712 1020 (ht—ny-u-red-rs
727 946 847 1002 honores
863 967 905 1002 :—

112 1025 154 1080 his
169 1045 286 1081 accensa
302 1047 383 1102 super
399 1026 514 1082 iactatos
531 1046 650 1102 aequore
666 1040 726 1081 toto

113 1107 212 1184 Troas,
230 1106 408 1185 reliquias
375 1106 509 1181 Danaum
457 1123 608 1183 ‘atque
623 1105 731 1162 inmitis
746 1107 864 1174 Achilli,

113 1178 224 1243 arcebat
240 1187 323 1260 longe
339 1187 429 1254 Latio,
447 1188 607 1279 multosque
623 1207 671 1277 per
686 1207 773 1243 annos

113 1268 241 1323 errabant
257 1267 312 1323 acti
327 1267 390 1324 latis
405 1267 491 1324 maria
506 1267 601 1324 omnia
616 1266 734 1325 circum.

113 1362 174 1403 tran
177 1368 207 1404 ae
223 1348 304 1404 molis
320 1365 378 1404 erat
394 1349 553 1405 Romanam
569 1348 690 1405 condere
707 1356 831 1426 g.entem

152 1449 200 1485 v1x
216 1449 230 1485 e
160 1447 400 1506 ”conspectu
418 1429 529 1486 Siculae
545 1429 653 1486 telluris
668 1449 697 1485 ιιι
713 1430 803 1486 altum

113 1509 176 1565 vela
190 1510 294 1566 dabant
309 1510 374 1566 laeti
391 1526 418 1566 et
433 1523 544 1585 spumas
559 1510 622 1566 salis
637 1529 698 1567 aere
713 1510 843 1579 ruebant,

113 1609 179 1645 cum
195 1592 270 1646 Iuno
285 1606 432 1647 aeternum
447 1611 557 1647 servans
573 1576 707 1647 sub-
639 1606 753 1666 pectore
769 1591 870 1647 vulnus

112 1672 182 1726 haec
198 1691 317 1728 secum:
340 1678 441 1727 ‘mene
457 1672 572 1746 incepto
587 1670 718 1728 desistere
733 1671 846 1739 victam,

114 1771 167 1807 nec
183 1771 261 1826 posse
278 1753 360 1808 Italia
375 1753 555 1808 Teucrorum
571 1769 695 1809 avertere
710 1771 849 1839 regem
821 1757 868 1795 Ρ

113 1849 370 1968 q-ppyetor
329 1832 400 1889 fatis
445 1833 572 1888 Pallasne
588 1853 705 1889 exurere
721 1814 839 1889 classem

443 1891 703 1924 —-.-v-—-

114 1929 346 1989 Qatque
361 1913 542 2048 onturt
558 1913 736 1990 strbm-ergere
752 1929 840 1988 ponto

115 1991 197 2049 unius
213 1992 250 2048 ob
265 2013 368 2049 noxam
385 2010 412 2050 et
428 1994 511 2050 lurias
526 1993 620 2049 Aiacis
637 1993 737 2050 Oilei?

112 2092 273 2209 aqsa',
198 2072 272 2128 Iovis
287 2073 415 2149 rapidum
429 2063 550 2130 iaculata
565 2095 579 2130 e
596 2073 740 2130 nubibus
732 2093 839 2165 Q,

134 2171 281 2230 sirecrtque
297 2170 367 2210 rates
383 2156 540 2232 evertitque
555 2175 673 2231 aequora
688 2155 788 2221 ventis,

114 2233 198 2290 illum
112 2233 403 2326 —exspirantem
419 2236 552 2292 transfixo
566 2256 649 2311 ἕξι-
604 2251 681 2308 crore
697 2235 822 2292 flammas

116 2313 229 2371 turbine
245 2314 380 2390 corripuit
395 2304 567 2394 scopuloque
583 2316 685 2374 infixit
693 2331 800 2386 cut03

115 2409 156 2451 ast
171 2414 232 2468 ego,
247 2416 318 2472 quae
334 2396 430 2453 divom
445 2398 547 2454 incedo
562 2398 667 2471 regina,
676 2396 813 2483 ramisque

115 2491 277 2544 etsongt
292 2477 429 2546 coniunx,
445 2499 581 2535 unacum
596 2496 676 2552 gente
770 2498 840 2534 *mos

115 2555 190 2612 bella
204 2576 278 2629 gero
321 2559 669 2635 etqtusqtparr-unumenl
801 2559 877 2614 'lorat

115 2652 268 2713 Qu,
283 2653 331 2694 aut
346 2640 463 2715 supplex
480 2640 531 2695 aris
546 2639 658 2715 inponit
828 2637 849 2670 ³’

156 2715 222 2774 talia
236 2716 380 2776 flammato
395 2740 491 2776 secum
506 2720 557 2776 dea
572 2721 656 2777 corde
667 2723 709 2782 day
720 2720 799 2779 began,

116 2784 301 2855 nirfilr'or'um
293 2819 323 2854 ιιι
339 2800 544 2875 patriam,—
482 2802 543 2857 loca
558 2802 615 2857 feta
630 2802 650 2857 fr

114 2878 245 2935 Aeoliam
261 2880 348 2937 veuit.
390 2881 436 2938 hic
453 2897 528 2938 vasto
543 2902 590 2938 rex
608 2874 671 2939 Ac⁰f
680 2889 744 2923 ’ΜΡ-

116 2960 370 3052 luctanfflentos
387 2978 644 3041 tempestatesquez·

116 3060 235 3116 rmperro
249 3042 361 3117 premit,
377 3063 407 3098 ac
425 3043 525 3099 vinclis
541 3060 568 3099 et
583 3064 636 3101 car·

116 3118 158 3177 illi
176 3121 353 3195 indignantes
370 3143 470 3196 magno
487 3144 552 3180 cum
568 3145 632 3182 mur

280 3220 309 3278 48
329 3222 412 3265 adoret.
479 3237 509 3282 49
528 3222 625 3283 inponat·
