2002 3614
71 227 101 278 50
340 217 365 262 P.
384 214 525 261 VERGILI
544 215 703 263 MARONIS

108 350 206 405 hortor
221 367 315 404 amare
331 347 409 404 focos
425 368 578 424 arcemque
593 349 728 405 attollere
744 348 839 407 tectis.

108 428 221 505 iamque
236 429 296 484 fere
312 427 387 484 sicco
403 428 560 486 subductae
576 428 660 486 litore
674 450 806 506 puppes3

108 507 237 566 conubiis
253 508 381 584 arvisque
398 508 479 565 novis
494 526 610 585 operata
626 509 780 579 iuventus3

108 589 168 645 iura
183 590 338 666 domosque
354 589 476 657 dabam;
498 589 592 646 subito
607 610 673 647 cum
689 590 786 648 tabida
802 612 872 648 men

108 686 242 745 corrupto
257 669 329 726 caeli
346 684 438 726 tractu
454 670 672 747 miserandaque
687 671 769 728 venit

51 790 57 805 .
108 751 311 827 arboribusque
327 750 449 827 satisque
465 751 526 807 lues
542 766 571 807 et
586 751 682 808 letifer
698 772 800 809 annus.

108 831 279 907 linquebant
293 831 392 888 dulces
408 830 516 887 animas
531 846 580 888 aut
596 852 676 906 aegra
693 833 849 890 trahebant

108 932 245 987 corpora;
266 926 328 968 tum
343 911 451 968 steriles
468 931 585 968 exurere
602 911 688 968 Sirius
704 933 803 986 agros3

108 992 226 1048 arebant
240 992 345 1048 herbae
361 1007 389 1049 et
404 992 512 1048 victum
528 1012 604 1066 seges
620 1013 700 1066 aegra
716 994 851 1067 negabat.

108 1093 201 1129 rursus
217 1072 252 1129 ad
267 1072 395 1129 oraclum
412 1072 550 1147 Ortygiae
567 1073 775 1150 Phoebumque
791 1094 870 1130 reme

108 1155 239 1210 hortatur
252 1169 334 1229 pater
348 1152 389 1209 ire
406 1153 475 1208 mari
492 1151 666 1229 veniamque
680 1152 802 1229 precari,

108 1253 194 1310 quarn
209 1233 287 1290 fessis
303 1233 390 1289 finem
407 1234 489 1289 rebus
505 1232 588 1303 ferat,
605 1232 681 1290 unde
697 1233 831 1291 laborum

110 1330 248 1390 temptare
264 1313 403 1370 auxilium
419 1313 526 1383 iubeat,
543 1332 599 1390 quo
614 1330 724 1370 vertere
740 1334 848 1372 cursus.

148 1415 205 1451 nox
222 1410 290 1464 erat,
307 1409 335 1450 et
351 1393 431 1450 terris
448 1393 581 1450 animalia
598 1413 712 1450 somnus
727 1395 873 1452 habebat:

110 1475 212 1550 effigies
228 1495 322 1532 sacrae
337 1475 434 1530 divom
451 1473 624 1551 Phrygiique
640 1475 770 1545 Penates,

109 1577 178 1633 quos
193 1576 307 1613 mecum
322 1576 337 1612 a
353 1555 443 1610 Troia
459 1555 616 1632 mediisque
633 1576 666 1612 ex
682 1554 795 1629 ignibus
811 1556 872 1613 urbi

109 1637 277 1706 extuleram,
293 1635 344 1692 visi
360 1651 428 1691 ante
443 1636 541 1692 oculos
557 1635 666 1692 adstare
681 1635 802 1692 iacentis

110 1718 139 1775 in
155 1717 269 1787 somnis,
285 1716 377 1773 multo
392 1714 674 1785 manifesti'luminc‚
691 1737 746 1792 qua
762 1737 791 1773 se

109 1799 194 1875 plena
209 1817 260 1873 per
274 1796 393 1853 insertas
409 1796 550 1852 fundebat
565 1797 633 1853 luna
647 1797 806 1866 fenestras;

111 1897 171 1936 turn
187 1878 224 1935 sic
242 1877 330 1935 adfari
347 1893 375 1933 ct
391 1897 470 1933 curas
485 1875 529 1933 his
544 1876 660 1933 demere
676 1877 778 1935 dictis:

91 1959 187 2037 ‘quod
203 1958 253 2015 tibi
270 1958 366 2015 delato
383 1957 533 2032 Ortygiam
548 1957 676 2014 dicturus
691 1958 800 2033 Apollo
816 1974 866 2028 est,

110 2040 156 2098 hic
173 2039 258 2109 canit,
275 2053 304 2095 et
319 2054 366 2095 tua
382 2058 432 2094 nos
449 2058 484 2094 en
500 2038 577 2093 ultro
591 2037 627 2093 ad
643 2036 743 2094 limina
759 2038 858 2096 mittit.

111 2143 160 2178 nos
177 2137 203 2177 te
219 2118 363 2177 Dardania
379 2119 495 2175 incensa
511 2133 616 2194 tuaque
632 2138 707 2174 arma
721 2119 822 2190 secuti,

111 2223 161 2258 nos
177 2201 320 2257 tumidum
335 2201 386 2256 sub
403 2215 430 2255 te
445 2198 589 2274 permensi
605 2199 740 2255 elassibus
756 2220 871 2277 aequor,

111 2283 188 2339 idem
203 2298 337 2338 venturos
354 2281 488 2335 tollemus
503 2279 533 2334 in
549 2294 621 2334 astra
633 2296 756 2354 nepotes

111 2362 322 2439 imperiumque
337 2360 399 2417 urbi
416 2359 555 2416 dabimus.
600 2374 629 2415 tu
646 2360 760 2416 moenia
775 2361 872 2434 magni

111 2464 211 2517 magna
226 2464 303 2518 para,
320 2443 495 2516 longumque
512 2440 594 2513 fugae
610 2461 647 2495 ne
663 2440 763 2516 linque
780 2441 872 2497 labor(

111 2523 265 2580 mutandae
280 2523 369 2578 sedes.
412 2541 470 2576 non
486 2522 557 2576 haee
575 2519 626 2576 tibi
642 2520 726 2576 litora
742 2521 829 2577 suasit

111 2604 212 2661 Delius
229 2618 276 2658 aut
293 2603 397 2659 Cretae
413 2601 493 2657 iussit
508 2601 657 2657 considere
673 2601 790 2676 Apollo,

112 2700 152 2742 est
168 2685 256 2752 locus,
273 2682 445 2758 Hesperiam
462 2681 532 2738 Grai
549 2681 720 2754 cognomine
736 2681 849 2752 dicunt,

112 2781 185 2822 terra
201 2763 327 2840 antiqua,
342 2779 444 2838 potens
461 2761 544 2818 armis
560 2778 644 2838 atque
659 2762 747 2817 ubere
762 2762 864 2836 glebae

112 2844 235 2902 Oenotri
251 2845 366 2900 coluere
381 2842 452 2910 viri;
475 2863 552 2899 nunc
569 2842 643 2898 fama
659 2841 784 2898 minores

112 2926 226 2981 ltaliam
242 2924 344 2980 dixisse
360 2923 440 2980 ducis
456 2923 492 2979 de
507 2922 624 2979 nomine
639 2937 773 2996 gentem:

38 3049 41 3056 .
111 3008 164 3062 hae
181 3005 261 3061 nobis
276 3004 406 3080 propriae
421 3003 511 3073 sedes,
526 3004 594 3059 hinc
611 3002 763 3059 Dardanus
780 3019 865 3071 ortus

113 3085 257 3162 Iasiusque
272 3102 361 3160 pater,
378 3105 465 3158 genus
481 3106 495 3140 a
511 3104 568 3160 quo
582 3082 713 3158 principe
729 3099 866 3139 nostrum.

113 3186 192 3239 surge
208 3186 257 3238 age
273 3181 301 3221 et
316 3166 387 3220 haec
404 3165 493 3220 laetus
509 3165 648 3237 longaevo
664 3163 741 3218 dicta
755 3162 865 3239 parenti

338 3257 381 3316 146
399 3258 514 3315 temptari.
551 3257 594 3302 166
613 3254 707 3300 duxisse.
