2002 3614
352 187 378 234 P.
396 186 538 236 VERGILI
557 187 714 236 MARONIS

119 332 217 393 totque
233 337 304 387 sues,
322 317 443 375 totidem
460 319 603 392 nigrantes
621 334 697 393 terga
712 319 870 388 iuvencos;

117 396 241 473 vinaque
257 397 398 455 fundebat
413 399 529 475 pateris,
544 399 727 477 animamque
739 400 867 456 'vocabat

117 477 261 534 Anchisae
277 479 371 552 magni
390 480 552 557 Manesque
567 481 734 536 Acheronte
749 479 892 537 remissos.

118 578 171 615 nec
189 578 247 614 non
263 574 292 615 et
307 559 386 630 socii,
403 581 476 637 quae
492 560 597 636 cuique
611 575 655 617 est
670 560 762 636 copia,
779 560 848 617 laeti
882 569 889 581 ·
948 591 982 617 100

117 637 193 694 dona
208 639 314 710 ferunt,
330 657 453 697 onerant
469 662 538 712 aras,
555 656 739 717 mactantque
755 640 915 698 iuvencos:

118 718 219 775 ordine
235 729 304 776 aena
320 721 418 778 locant
435 721 493 792 alii,
510 721 623 799 fusique
637 742 689 797 per
703 722 825 779 herbam

118 799 263 856 subiciunt
277 801 391 858 veribus
407 823 522 878 prunas,
539 817 567 858 et
582 801 689 858 viscera
705 817 827 860 torrent.

159 897 321 956 exspectata
336 881 396 939 dies
413 883 521 953 aderat,
537 903 701 959 nonamque
717 902 818 939 serena

116 960 256 1018 Auroram
273 962 461 1019 Phaethontis
478 963 543 1041 equi
560 963 617 1020 iam
632 963 695 1019 luce
711 963 868 1032 vehebant,

117 1040 250 1118 famaque
265 1042 403 1100 finitimos
420 1060 448 1100 et
465 1043 533 1100 clari
550 1063 656 1100 nomen
671 1044 796 1100 Acestae

63 1120 66 1124 ⁴
117 1121 259 1180 excierat:
282 1124 357 1180 laeto
373 1125 559 1200 complebant
575 1124 658 1180 litora
674 1139 769 1193 coetu,

117 1201 203 1258 visuri
218 1203 378 1274 Aeneadas,
394 1225 458 1280 pars
475 1221 503 1261 et
519 1221 628 1262 certare
642 1204 743 1280 parati.

117 1302 235 1339 munera
249 1283 394 1360 principio
410 1299 477 1341 ante
493 1285 590 1342 oculos
606 1284 740 1360 circoque
755 1285 892 1341 locantur

117 1362 146 1419 in
162 1363 267 1435 medio,
283 1364 353 1421 sacri
370 1365 496 1441 tripodes
511 1365 674 1442 viridesque
689 1385 813 1422 coronae
949 1397 984 1422 ιω

118 1459 146 1500 et
160 1445 271 1520 palmae
287 1445 413 1521 pretium
429 1445 594 1516 victoribus,
610 1466 754 1523 armaque,
771 1462 801 1502 et
815 1461 893 1503 ostro

115 1525 246 1600 perfusae
262 1541 362 1597 vestes,
379 1526 489 1601 argenti
506 1525 624 1603 aurique
640 1527 766 1583 talenta:

117 1622 144 1661 et
161 1605 228 1662 tuba
243 1607 408 1663 commissos
424 1606 521 1664 medio
536 1606 615 1663 canit
631 1626 730 1680 aggere
745 1606 838 1665 ludos.

116 1685 206 1761 prima
221 1707 302 1762 pares
318 1687 421 1744 ineunt
437 1687 568 1762 gravibus
584 1686 741 1744 certamina
757 1687 843 1744 remis
878 1705 882 1709 ·
943 1705 989 1745 1⁴¹4

116 1767 250 1842 quattuo'r
266 1788 300 1823 ex
316 1767 394 1824 omni
412 1767 542 1825 delectae
558 1768 645 1824 classe
661 1767 794 1825 carinae:

115 1843 245 1904 velocem
262 1848 434 1905 Mnestheus
451 1835 508 1923 agr‘t
523 1848 581 1905 acri
597 1848 702 1922 remige
720 1848 847 1919 Pristim,
916 1900 920 1906 .

116 1948 181 1984 mox
197 1928 285 1984 Italus
302 1929 486 1999 Mnestheus,
498 1949 588 2003 genus
604 1950 618 1985 a
634 1948 690 2005 quo
706 1929 826 1985 nomine
843 1929 979 2000 Memmi,

115 2008 321 2085 ingentemque
338 2010 415 2084 Gyas
432 2009 544 2084 ingenti
561 2011 636 2066 mole
652 2009 848 2079 Chimaeram,

115 2089 191 2145 urbis
207 2111 286 2165 opus,
303 2089 410 2165 triplici
427 2091 517 2166 pubes
534 2110 618 2166 quam
634 2089 769 2146 Dardana
785 2111 867 2146 versu

115 2170 269 2245 inpellunt,
287 2187 368 2226 terno
385 2186 561 2244 consurgunt
576 2169 677 2226 ordine
693 2169 784 2236 remi;
945 2202 981 2228 120

116 2252 326 2327 Sergestusque‚
343 2251 444 2307 domus
462 2267 542 2307 tenet
558 2273 572 2307 a
588 2272 644 2328 quo
661 2250 756 2323 Sergia
772 2271 890 2322 nomen,

115 2332 262 2388 Centauro
278 2331 426 2388 invehitur
442 2352 552 2405 magna,
570 2331 720 2407 Scyllaque
737 2331 901 2388 Cloanthus

114 2413 252 2482 caerulea,
268 2434 356 2486 genus
372 2414 449 2470 unde
467 2412 528 2482 tibi,
545 2413 675 2468 Romane
692 2411 824 2468 Cluenti.

154 2509 195 2548 est
210 2495 310 2568 procul
327 2494 356 2549 in
373 2495 473 2570 pelago
490 2513 588 2549 saxum
603 2491 764 2567 spumantia
780 2509 882 2549 contra

113 2572 205 2642 litora,
221 2576 298 2649 quod
314 2574 431 2630 tumidis
447 2574 626 2630 submersum
642 2571 774 2629 tunditur
788 2572 859 2629 olim

113 2651 256 2722 fluctibus,
273 2654 386 2711 hiberni
404 2655 534 2711 condunt
552 2653 599 2710 ubi
616 2652 707 2709 sidera
723 2652 813 2720 Cori3

114 2734 268 2809 tranquillo
284 2735 358 2804 silet,
375 2736 546 2811 inmotaque
560 2733 701 2790 attollitur
717 2733 794 2789 unda

112 2834 229 2889 campus
245 2831 273 2870 et
289 2815 391 2890 apricis
408 2815 491 2870 statio
507 2814 665 2889 gratissima
681 2813 794 2887 mergis.

112 2893 159 2950 hic
175 2894 297 2951 viridem
312 2896 423 2951 Aeneas
440 2894 588 2950 frondenti
606 2915 639 2951 ex
655 2893 721 2950 ilice
737 2910 846 2951 metam

113 2974 263 3030 constituit
279 2974 390 3047 signum
408 2975 500 3030 nautis
516 2991 606 3050 pater,
623 2974 700 3030 unde
715 2975 820 3030 reverti
946 3007 982 3043 130

113 3053 218 3109 scirent
235 3071 262 3109 et
278 3055 376 3128 longos
393 3054 441 3110 ubi
458 3053 686 3110 circumflectere
702 3073 809 3111 cursus.

114 3149 175 3190 tum
191 3135 252 3191 loca
269 3151 342 3190 sorte
359 3136 469 3207 legunt,
486 3134 597 3210 ipsique
613 3134 643 3190 in
659 3133 803 3209 puppibus
819 3157 888 3192 auro

310 3241 353 3285 107
373 3229 521 3285 complerant.
559 3241 602 3271 112
621 3229 743 3271 talentum.
