2002 3614
111 181 142 227 26
382 182 407 227 P.
426 178 566 227 VERGILI
584 179 740 228 MARONIS

151 307 265 383 promisi
282 308 414 376 ultorem,
430 324 457 364 et
473 307 563 365 verbis
578 308 641 364 odia
656 328 751 384 aspera
765 310 852 367 movi.

151 387 218 444 hinc
235 387 305 444 mihi
320 388 410 464 prima
425 387 491 445 mali
507 387 582 445 labes
598 413 607 457 ;
628 388 695 445 hinc
712 409 823 465 semper
838 389 940 447 Ulixes

150 468 317 525 criminibus
332 485 437 526 terrere
453 469 531 527 novis
546 493 555 538 3
576 469 645 527 hinc
661 489 788 546 spargere
803 490 886 528 voees

151 548 180 604 in
195 549 312 623 vulgum
328 549 478 623 ambiguas,
495 567 523 609 et
539 569 673 628 quaerere
688 550 817 608 conscius
833 571 917 608 arma.

151 649 202 686 uec
219 630 358 706 requievit
376 630 462 700 enim,
478 630 571 689 donec
588 630 747 688 Calchante
763 631 933 688 ministro-
969 658 991 685 ια

150 710 198 766 sed
213 710 281 787 quid
296 730 347 784 ego
361 712 430 768 haec
446 727 542 769 autem
559 711 733 788 nequiquam
748 711 859 786 ingrata
875 710 991 768 revolvo}

150 790 253 867 quidve
269 811 370 859 moror,
387 791 407 848 si
422 812 521 848 omnes
537 813 595 850 uno
611 792 709 849 ordine
724 792 833 848 habetis
847 791 976 859 Achivos,

149 871 235 948 idque
251 871 346 928 audire
362 888 401 929 sat
416 876 479 930 est?
500 872 667 930 iamdudum
682 871 785 930 sumite
799 892 923 948 poenas:

149 953 203 1009 hoc
219 952 334 1009 Ithacus
349 953 428 1022 velit,
443 969 472 1011 et
487 973 589 1027 magno
605 951 917 1010 mercentur'Atridae.'

191 1048 253 1090 tum
268 1053 334 1089 vero
348 1033 476 1091 ardemus
492 1034 584 1090 scitari
601 1051 630 1091 et
645 1053 778 1111 quaerere
794 1053 900 1103 causas,

150 1113 238 1188 ignari
254 1114 392 1170 scelerum
408 1131 551 1172 tantorum
567 1114 689 1191 artisque
706 1113 846 1189 Pelasgae.

150 1194 328 1270 prosequitur
342 1193 478 1270 pavitans,
495 1211 522 1252 et
538 1194 605 1252 ficto
620 1212 735 1271 pectore
750 1195 846 1260 fatur:

131 1284 230 1350 ‘saepe
246 1275 342 1348 fugam
357 1275 448 1332 Danai
465 1274 553 1332 Troia
569 1275 684 1352 cupiere
699 1274 799 1332 relicta

150 1355 243 1411 moliri
259 1371 287 1412 et
301 1355 386 1429 longo
401 1355 463 1412 fessi
479 1355 623 1414 discedere
641 1355 717 1412 bello
730 1379 780 1424 3·-

150 1436 339 1514 fecissentque
356 1435 464 1494 utinam
479 1436 609 1513 l-saepe
626 1436 688 1493 illos
703 1455 798 1512 aspera
812 1436 893 1513 ponti
967 1463 991 1488 11·

149 1516 310 1574 interclusit
325 1517 444 1593 hiemps,
462 1533 490 1574 et
506 1517 605 1575 terruit
621 1518 725 1575 Auster
741 1533 852 1574 euntes.

83 1628 88 1637 -
149 1598 309 1674 praecipue,
325 1617 392 1655 cum
407 1598 463 1654 iam
478 1598 524 1655 hic
541 1597 664 1654 trabibus
681 1612 833 1655 contextus
848 1595 952 1655 aceruis

150 1694 233 1735 staret
249 1698 346 1755 equus,
363 1695 422 1735 toto
432 1694 593 1757 sonuerunt
609 1679 723 1735 aethere
739 1677 842 1736 nimbi.

149 1759 274 1835 suspensi
290 1759 469 1834 Eurypylum
485 1759 616 1816 scitatum
632 1758 746 1815 oracula
764 1757 870 1815 Phoebi

149 1839 288 1896 mittimus
301 1864 310 1908 3
331 1839 409 1916 isque
424 1839 513 1915 adytis
527 1841 596 1897 haec
614 1839 701 1896 tristia
716 1837 793 1895 dicta
809 1853 947 1916 reportat:

149 1924 275 1994 sanguine
285 1921 414 1996 placastis
428 1933 518 1977 ventos
532 1933 559 1977 et
574 1923 682 1994 virgine
698 1939 782 1988 caesa,

149 2021 205 2057 cum
216 2004 332 2077 primum
349 2001 448 2057 Iliacas
469 2000 560 2057 Danai
574 2003 682 2057 venistis
697 2000 735 2056 ad
746 2020 823 2056 oras:

149 2085 275 2155 sanguine
289 2082 431 2157 quaerendi
445 2082 556 2151 reditus,
571 2083 707 2157 animaque
722 2080 856 2137 litandum

149 2163 286 2236 Argolica.
328 2162 405 2237 vulgi
421 2183 492 2239 quae
507 2182 561 2218 vox
579 2177 610 2219 ut
625 2162 704 2220 venit
720 2161 754 2218 ad
769 2182 857 2228 aures,

148 2243 308 2319 obstipuere
323 2243 419 2311 animi,
435 2242 600 2320 gelidusque
616 2263 666 2318 per
681 2242 737 2299 ima
752 2243 878 2300 cucurrit
966 2267 991 2294 ιιι

148 2345 206 2379 ossa
222 2340 335 2393 tremor,
350 2324 396 2381 cui
412 2325 468 2381 fata
482 2339 590 2399 parent,
609 2343 694 2400 quem
710 2339 806 2399 poscat
821 2321 932 2399 Apollo.

149 2404 193 2459 hic
211 2406 324 2462 Ithacus
339 2421 433 2462 vatem
449 2423 550 2478 magno
569 2403 727 2460 Calchanta
743 2404 868 2461 tumultu

148 2483 283 2558 protrahit
299 2484 328 2540 in
344 2485 473 2552 medios;
494 2504 566 2561 quae
582 2484 638 2542 sint
655 2504 687 2542 ea
701 2483 821 2542 numina
836 2484 938 2552 divom,

148 2563 262 2637 flagitat.
306 2582 333 2622 et
349 2565 419 2622 mihi
435 2565 490 2621 iam
507 2563 590 2622 multi
609 2566 725 2623 crudele
740 2565 881 2623 canebant

148 2644 261 2701 artificis
276 2646 374 2713 scelus,
391 2662 419 2703 et
435 2645 513 2703 taciti
533 2662 652 2704 ventura
668 2646 810 2704 videbant.

148 2724 189 2780 bis
204 2725 305 2802 quinos
320 2726 382 2782 silet
398 2726 446 2783 ille
462 2725 530 2793 dies,
551 2742 698 2804 tectusque
714 2744 823 2784 recusat

147 2806 264 2880 prodere
281 2826 349 2864 voce
365 2827 413 2863 sua
429 2827 602 2884 quemquam
619 2823 667 2864 aut
681 2827 825 2883 opponere
841 2804 930 2863 morti.

83 2912 84 2915 ¹
148 2886 195 2941 vix
212 2887 334 2954 tandem,
352 2887 458 2960 magnis
477 2887 569 2944 Ithaci
587 2887 757 2945 clamoribus
773 2904 859 2956 actus,

148 2966 304 3041 composito
318 2967 425 3044 rumpit
442 2988 553 3038 vocem,
569 2984 597 3025 et
613 2988 658 3025 me
674 2968 795 3026 destinat
811 2989 881 3026 arae.

148 3047 293 3119 adsensere
309 3068 415 3117 omnes,
435 3066 472 3117 et,
489 3069 559 3125 quae
576 3049 627 3105 sibi
644 3049 761 3127 quisque
778 3049 902 3115 timebat,
966 3067 991 3106 ιε

149 3126 232 3183 unius
247 3128 276 3184 in
293 3128 385 3185 miseri
404 3129 523 3186 exitium
540 3150 673 3187 conversa
689 3130 789 3186 tulere.

380 3233 422 3283 105
442 3238 513 3269 casus.
550 3237 595 3281 rra
611 3223 741 3269 scitantem.
