2002 3614
364 180 530 228 AENEIDOS
548 180 611 228 LIB.
629 182 654 227 V

93 310 228 367 ductores
243 309 328 384 longe
343 310 483 393 effulgent
498 325 630 401 ostroque
645 309 762 378 decori;

93 405 191 447 cetera
205 391 329 467 populea
343 384 454 448 velatur
470 390 594 447 fronde
587 406 731 461 iuventus,

93 470 274 547 nudatosque
291 490 402 528 umeros
418 472 482 528 oleo
498 472 611 547 perfusa
628 471 753 528 nitescit.

93 550 250 608 considunt
265 551 404 623 transtris,
420 551 591 628 intentaque
606 551 740 608 bracchia
756 551 858 607 remis:

93 631 203 688 intenti
219 647 387 708 exspectant
402 631 524 706 signum,
541 632 770 708 exsultantiaque
786 631 881 687 haurit

93 711 181 768 corda
196 732 282 787 pavor
296 713 603 789 pulsanslaudumque
619 728 728 769 arrecta
743 711 866 788 cupido,

92 792 163 848 inde
179 791 226 848 ubi
243 792 318 850 clara
333 792 414 850 dedit
429 792 554 850 sonitum
571 793 648 862 tuba,
665 792 769 850 finibus
784 813 893 860 omnes,

92 871 172 929 haud
188 892 275 944 mora,
290 873 448 949 prosiluere
463 873 537 931 suis:
561 874 629 930 ferit
644 874 760 930 aethera
775 873 884 929 clamor
923 901 959 938 140

93 952 246 1022 nauticus3
267 953 398 1010 adductis
414 970 548 1029 spumant
566 955 637 1011 freta
654 975 732 1010 versa
748 952 870 1010 lacertis,

92 1033 243 1090 infindunt
256 1033 365 1110 pariter
380 1035 481 1105 sulcos,
499 1049 650 1111 totumque
666 1034 790 1091 dehiscit

92 1114 264 1171 convulsum
280 1114 365 1171 remis
381 1115 535 1191 rostrisque
552 1114 726 1172 tridentibus
741 1134 856 1191 aequor.

92 1214 153 1250 non
170 1209 228 1251 tam
242 1194 414 1271 praecipites
430 1194 527 1269 biiugo
544 1194 701 1252 certamine
717 1215 850 1271 campum

92 1274 257 1350 corripuere
273 1291 418 1352 ruuntque
435 1275 515 1332 effusi
533 1296 646 1333 carcere
662 1296 779 1343 currus;

92 1375 147 1412 nec
164 1355 203 1412 sic
219 1355 343 1412 inmissis
359 1356 471 1430 aurigae
488 1355 627 1413 undantia
643 1358 701 1413 lora

91 1455 263 1493 concussere
278 1435 360 1510 iugis,
376 1436 518 1513 pronique
534 1436 562 1492 in
582 1437 697 1493 verbera
714 1437 852 1512 pendent.

91 1532 155 1572 tum
171 1517 272 1592 plausu
288 1516 465 1593 fremituque
481 1517 574 1574 virum
591 1517 749 1593 studiisque
765 1518 915 1574 faventum

92 1613 233 1653 consonat
248 1617 335 1653 omne
351 1617 462 1667 nemus,
479 1617 639 1674 vocemque
656 1597 765 1654 inclusa
781 1598 913 1654 volutant

92 1677 177 1733 litora
187 1701 196 1746 ;
216 1677 322 1753 pulsati
339 1678 426 1734 colles
442 1679 568 1735 clamore
584 1679 733 1735 resultant.
921 1707 958 1743 150

93 1757 193 1831 effugit
208 1773 276 1814 ante
292 1757 361 1814 alios
377 1757 534 1835 primisque
552 1759 676 1815 elabitur
691 1758 775 1815 undis

92 1838 206 1895 turbam
242 1838 319 1894 inter
353 1838 560 1915 fremitumque
596 1840 693 1915 Gyas;
725 1859 811 1915 quem
850 1839 955 1896 deinde

174 1917 337 1975 Cloanthus
979 1935 982 1940 ·

92 1999 289 2075 consequitur,
306 1999 407 2056 melior
423 1999 516 2070 remis,
533 2001 581 2056 sed
594 2001 724 2076 pondere
740 2001 824 2076 pinus

91 2079 172 2136 tarda
188 2094 279 2137 tenet.
321 2096 385 2156 post
402 2081 451 2136 hos
468 2101 560 2158 aequo
576 2081 741 2138 discrimine
758 2081 855 2137 Pristis

92 2159 316 2237 Centaurusque
332 2161 429 2218 locum
446 2162 572 2218 tendunt
588 2182 721 2238 superare
735 2160 879 2237 priorem;

92 2256 121 2296 et
136 2260 214 2297 nunc
232 2241 329 2296 Pristis
345 2242 441 2309 habet,
458 2262 535 2299 nuuc
554 2242 658 2298 victam
676 2240 810 2317 praeterit
826 2241 926 2314 ingens

91 2320 266 2390 Centaurus,
283 2342 361 2378 nunc
380 2343 434 2378 una
450 2323 549 2379 ambae
566 2323 729 2398 iunctisque
747 2323 879 2378 feruntur

92 2401 245 2471 frontibus,
262 2418 290 2458 et
308 2403 390 2476 longa
406 2404 519 2459 sulcant
535 2404 605 2459 vada
621 2404 690 2458 salsa
706 2402 811 2460 carina.

91 2480 205 2559 iamque
221 2481 456 2558 propinquabant
472 2484 599 2573 scopulo,
615 2498 674 2539 met
677 2502 786 2574 amque
795 2485 944 2553 tenebant,

92 2581 158 2618 cum
172 2563 308 2638 princeps
323 2563 477 2639 medioque
494 2565 594 2639 Gyas
588 2585 617 2619 rn
634 2563 745 2637 gurgite
761 2564 852 2620 victor
920 2583 956 2620 160

93 2657 232 2699 rectorem
249 2642 327 2699 navis
343 2644 499 2718 compellat
514 2664 583 2700 voce
601 2645 781 2701 Menoeten.

71 2726 149 2798 ‘quo
165 2738 278 2780 tantum
294 2723 364 2779 mihi
381 2723 482 2780 dexter
497 2723 575 2780 abis?
597 2726 654 2781 huc
671 2725 767 2799 derige
783 2746 927 2799 gressum;

94 2802 159 2858 litus
175 2823 247 2873 ama,
264 2820 292 2860 et
308 2804 402 2860 laevas
418 2804 536 2877 stringat
553 2804 613 2860 sine
631 2806 756 2880 palmula
774 2822 889 2874 cautes3

93 2883 181 2939 altum
197 2883 244 2940 alii
262 2884 400 2954 teneant!
443 2885 534 2941 dixit:
556 2885 605 2941 sed
621 2906 705 2942 caeca
722 2887 876 2942 Menoetes

93 2984 156 3019 saxa
173 2964 275 3021 timens
292 2985 404 3041 proram
420 2965 511 3039 pelagi
528 2966 680 3040 detorquet
697 2967 731 3021 ad
748 2967 848 3023 undas,

71 3050 149 3119 ‘quo
164 3044 288 3101 diversus
305 3045 398 3101 abis?'
421 3045 534 3114 iterum,
552 3053 634 3120 ‘pete
651 3067 724 3115 saxa,
742 3047 904 3114 Menoete‚'

93 3145 158 3180 cum
174 3126 295 3182 clamore
313 3126 392 3201 Gyas
409 3127 578 3195 revocabat;
600 3142 628 3182 et
645 3148 711 3183 ecce
728 3127 907 3182 Cloanthum

438 3220 478 3278 163
499 3222 568 3265 laeva.
