2002 3614
314 185 478 234 AENEIDOS
497 184 559 233 LIB.
576 184 614 232 111

82 313 210 390 accipiunt,
225 315 372 392 celerique
387 316 453 390 fuga
469 316 519 372 sub
535 316 626 372 sidera
641 316 737 391 lapsae

82 410 190 452 semesam
204 396 341 472 praedam
357 411 385 452 et
400 396 518 470 vestigia
534 396 618 452 foeda
634 396 812 472 relinquunt.

83 490 121 530 uua
133 474 158 531 in
171 478 316 552 praecelsa
331 477 462 533 consedit
478 497 548 552 rupe
564 477 705 547 Celaeno,

82 549 159 611 infelix
173 572 259 627 vates,
275 557 441 634 rumpitque
456 559 531 614 hanc
544 567 665 633 'pectore
680 577 781 614 vocem
796 579 803 614 :

71 629 164 692 ‘bellum
179 636 265 694 etiam
280 658 331 713 pro
347 638 434 694 caede
451 638 538 694 boum
554 637 704 714 stratisque
720 637 858 709 iuvencis,

83 709 327 787 Laomedontiadae,
343 718 492 774 bellumne
508 718 614 775 inferre
629 719 734 794 paratis

84 808 103 846 et
112 797 190 870 patrio
205 797 348 874 Harpyias
364 797 492 855 insontes
507 799 618 875 pellere
634 802 744 872 regno?

84 875 177 951 accipite
192 899 258 952 ergo
273 878 376 934 animis
391 894 476 955 atque
492 881 562 935 haec
579 899 642 935 mea
657 878 735 953 figite
750 879 838 950 dieta,
881 908 919 944 250

84 970 134 1026 quae
164 958 281 1015 Phoebo
318 959 402 1015 Pater
437 959 630 1035 omnipotens,
667 958 738 1014 mihi
783 959 917 1016 Phoebus

139 1039 240 1114 Apollo
553 1058 555 1062 ·

85 1118 206 1190 praedixit,
221 1119 302 1176 vobis
318 1120 466 1177 Furiarum
485 1141 536 1194 ego
555 1119 678 1176 maxima
693 1120 799 1195 pand0.

85 1191 168 1280 ¹ltaliam
184 1221 266 1257 cursu
282 1200 389 1276 petitis,
405 1201 556 1277 ventisque
571 1200 679 1257 vocatis

84 1271 138 1334 ibitis
150 1281 262 1338 Italiam
277 1297 433 1358 portusque
449 1281 557 1337 intrare
572 1281 673 1337 licebit
686 1306 695 1351 ;

85 1356 178 1417 sednon
193 1377 261 1418 ante
277 1361 373 1418 datam
389 1361 510 1435 cingetis
526 1361 677 1418 moenibus
693 1361 802 1431 urbem,

85 1452 144 1508 quam
156 1462 203 1499 vos
218 1442 279 1498 dira
295 1442 384 1498 fames
402 1457 572 1518 nostraeque
588 1441 692 1498 iniuria
708 1441 803 1498 caedis

85 1519 180 1579 ambesas
196 1521 307 1596 subigat
322 1522 404 1579 malis
420 1523 569 1579 absumere
585 1522 716 1579 mensas.’

85 1592 143 1670 dixit,
157 1618 183 1659 et
197 1603 228 1658 in
243 1602 345 1658 silvam
361 1602 459 1678 pinnis
475 1603 570 1659 ablata
585 1603 700 1677 refugit.

85 1681 181 1739 arseciis
195 1683 288 1740 subita
303 1683 416 1757 gelidus
431 1682 588 1739 formidine
603 1683 714 1756 sanguis

85 1752 198 1834 deriguit:
221 1762 353 1820 cecidere
370 1763 470 1833 animi,
486 1783 540 1820 nec
556 1763 613 1820 iam
629 1763 752 1839 amplius
767 1763 850 1820 armis
882 1780 920 1818 260
971 1760 973 1765 ’

85 1837 117 1923 Sed
128 1843 191 1901 votis
205 1840 518 1920 precibusque'iubent
534 1864 687 1920 exposcere
702 1864 813 1919 pacem,

85 1932 124 1975 sive
136 1922 199 1981 deae
214 1944 263 1981 seu
280 1923 337 1980 sint
353 1924 431 1981 dirae
450 1925 650 2001 obscenaeque
665 1925 804 1980 volucres.

86 2011 104 2050 et
113 2018 179 2075 pater
193 2003 336 2061 Anchises
352 2004 439 2080 passis
455 2005 491 2060 de
507 2004 592 2061 litore
606 2004 709 2081 palmis

86 2082 174 2165 lumina
190 2104 292 2159 magna
307 2100 391 2141 vocat
407 2085 581 2162 meritosque
597 2084 702 2142 indicit
716 2086 859 2141 honores:

73 2153 102 2210 ‘dl
112 2165 250 2236 prohibete
264 2164 378 2233 minas3
400 2165 428 2221 di
447 2165 533 2221 talem
550 2166 669 2222 avertite
685 2185 781 2221 casum

85 2252 104 2292 et
112 2243 205 2315 placidi
221 2261 332 2302 servate
347 2245 429 2321 pios.'
473 2261 532 2302 turn
549 2246 633 2302 litore
648 2247 749 2302 funem

85 2314 186 2399 deripere
202 2346 391 2402 excussosque
407 2325 487 2383 iubet
503 2326 598 2383 laxare
613 2322 757 2383 rudentes.

86 2403 181 2463 tendunt
195 2407 259 2463 vela
275 2405 368 2474 Noti;
391 2406 514 2479 fugimus
531 2407 729 2483 spumantibus
744 2407 837 2475 undis,

85 2496 122 2563 qua
133 2506 238 2544 cursum
255 2501 416 2562 ventusque
432 2487 662 2563 gubernatorque
677 2487 807 2544 vocabat.

85 2574 123 2618 lan
136 2567 224 2624 medio
240 2582 359 2643 apparet
374 2566 463 2623 fluctu
481 2588 630 2623 nemorosa
646 2568 813 2642 Zacynthos
883 2595 920 2630 270

86 2633 285 2724 Dulichiumque
302 2647 443 2724 Sameque
461 2663 488 2703 et
504 2647 622 2703 Neritos
638 2648 724 2704 ardua
740 2647 821 2703 saxis.

87 2719 205 2798 effilgitnus
221 2728 353 2803 scopulos
369 2728 496 2798 Ithacae,
513 2728 626 2784 La'e'rtia
641 2749 736 2802 regna,

88 2814 106 2853 et
117 2817 203 2864 terram
218 2807 350 2864 altricem
367 2808 441 2864 saevi
459 2829 638 2865 exsecramur
654 2808 748 2865 Ulixi.

88 2893 133 2939 mol
147 2903 170 2943 et
183 2889 329 2945 Leucatae
344 2887 474 2944 nimbosa
490 2889 640 2945 cacumina
656 2889 760 2945 montis

89 2972 108 3012 et
118 2963 268 3026 formidatus
285 2967 380 3024 nautis
394 2969 520 3044 aperitur
535 2969 652 3044 Apollo.

89 3034 143 3100 hunc
156 3049 272 3123 petimus
289 3048 354 3104 fessi
372 3063 399 3104 et
415 3070 517 3124 parvae
533 3051 712 3106 succedimus
729 3050 810 3118 urbi;

90 3134 164 3182 ancora
178 3129 210 3186 de
224 3151 309 3206 prora
325 3128 436 3199 iacitur,
453 3146 528 3186 stant
544 3130 628 3187 litore
643 3151 763 3206 puppes.

384 3220 429 3267 268
449 3223 550 3269 ferimur.
