2002 3614
293 180 458 227 AENEIDOS
477 180 539 227 LIB.
558 181 582 226 V

59 309 198 368 seminecem
213 309 300 388 liquit
315 329 381 366 saxo
396 310 583 386 lacerumque
598 308 708 377 viator;

60 390 201 468 nequiquam
215 393 315 465 longos
331 389 444 464 fugiens
459 389 508 466 dat
524 409 643 465 corpore
659 405 759 460 tortus,

58 486 116 544 parte
128 472 209 543 ferox,
224 471 385 547 ardensque
400 470 501 540 oculiS,
518 485 546 526 et
562 470 642 527 sibila
658 470 731 527 colla

59 550 134 608 arduus
147 554 296 622 attollens;
317 572 381 627 pars
395 552 515 608 vulnere
530 550 632 608 clauda
647 566 773 608 retentat

59 648 180 690 nexantem
195 633 278 690 nodis
294 653 380 709 seque
397 631 427 688 in
443 653 492 688 sua
508 632 636 689 membra
650 631 819 707 plicantem.

59 710 93 766 tali
105 713 209 788 remigio
226 713 305 770 navis
321 733 349 769 se
365 713 444 770 tarda
460 713 594 769 movebat
603 738 612 782 ;

58 791 101 847 vela
113 792 173 850 facit
187 809 294 864 tamen,
311 809 340 850 et
354 793 424 850 velis
440 793 603 850 subitostia
619 792 721 870 plenis.

59 869 187 946 Sergestum
201 876 315 931 Aeneas
330 873 469 950 promisso
485 894 605 948 munere
620 874 718 944 donat,

59 969 165 1012 servatam
178 956 215 1012 ob
232 974 335 1011 navem
350 955 440 1011 laetus
457 955 605 1031 sociosque
620 955 763 1012 reductos.

58 1031 92 1087 olli
104 1055 170 1092 serva
183 1036 278 1105 datur,
293 1055 414 1111 operum
430 1035 508 1091 haud
523 1035 620 1109 ignara
637 1035 799 1106 Minervae,

59 1110 132 1172 Cressa
145 1137 240 1191 genus,
258 1117 375 1186 Pholoe,
391 1115 560 1193 geminique
575 1116 627 1172 sub
644 1117 731 1173 ubere
747 1115 816 1172 nati.

85 1195 125 1253 hoc
138 1197 198 1273 pius
214 1197 326 1253 Aeneas
343 1196 428 1252 misso
445 1196 605 1253 certamine
620 1196 715 1253 tendit

58 1276 204 1343 gramineum
216 1277 247 1332 in
260 1296 405 1352 campum,
418 1296 506 1353 quem
519 1276 642 1333 collibus
655 1276 783 1353 undiquc
796 1276 889 1333 curvis

59 1351 181 1429 cingebant
196 1358 293 1427 silvae,
310 1356 463 1433 mediaque
480 1356 510 1412 in
527 1357 602 1414 valle
618 1357 720 1414 theatri

42 1449 45 1458 ·
59 1431 123 1493 circus
136 1455 193 1495 erat
207 1463 215 1507 ;
237 1458 294 1514 quo
310 1457 338 1493 se
354 1436 452 1494 multis
469 1457 536 1494 cum
552 1437 668 1495 milibus
683 1439 765 1494 heros

59 1531 160 1576 consessu
175 1518 303 1576 medium
320 1517 387 1575 tulit
403 1532 608 1594 exstructoque
624 1517 737 1576 resedit.
854 1548 891 1586 290

60 1592 98 1680 lic,
109 1599 150 1676 qui
165 1601 239 1656 forte
253 1599 347 1656 velint
362 1597 462 1676 rapido
478 1599 656 1655 contendere
671 1619 765 1668 cursu,

60 1676 134 1737 invitat
147 1680 245 1757 pretiis
261 1679 380 1750 animos,
398 1694 426 1736 et
441 1679 567 1755 praemia
581 1679 674 1755 ponit.

61 1757 157 1837 undique
171 1760 352 1818 conveniunt
367 1759 478 1817 Teucri
495 1759 636 1836 mixtique
653 1759 758 1830 Sicani,

60 1830 121 1896 Nisus
134 1857 160 1898 et
174 1842 316 1917 Euryalus
331 1839 426 1916 primi,

61 1911 167 1993 Euryalus
182 1923 274 1979 forma
289 1921 406 1996 insignis
423 1920 566 1998 viridique
582 1921 708 1992 iuventa,

61 1990 122 2056 Nisus
134 2024 227 2060 amore
242 2002 291 2080 pio
306 2001 407 2078 pueri;
430 2022 500 2078 quos
515 2002 622 2059 deinde
637 2017 751 2059 secutus

61 2077 125 2149 regius
139 2083 246 2158 egregia
264 2082 368 2139 Priami
385 2084 420 2139 de
436 2081 524 2158 stirpe
538 2082 661 2153 Diores;

61 2152 115 2216 hunc
128 2164 214 2221 Salius
230 2163 315 2220 simul
331 2178 359 2220 et
377 2163 492 2233 Patron,
509 2183 632 2240 quorum
648 2164 720 2220 alter
733 2165 877 2234 Acarnan,

61 2233 111 2295 alter
122 2244 152 2300 ab
165 2243 289 2302 Arcadio
306 2245 458 2318 Tegeaeae
475 2244 613 2318 sanguine
628 2244 740 2318 gentis;

61 2326 103 2375 tum
114 2323 164 2381 duo
176 2324 323 2382 Trinacrii
336 2324 464 2395 iuvenes,
478 2324 622 2401 Helymus
635 2325 831 2402 Panopesque,
855 2355 892 2391 300

61 2395 141 2460 adsueti
156 2405 242 2476 silvis,
258 2405 377 2462 comites
394 2405 513 2462 senioris
528 2406 668 2473 Acestae;

61 2479 119 2538 uulsi
132 2501 284 2560 praeterea,
300 2506 370 2562 quos
387 2486 461 2542 fama
478 2486 598 2542 obscura
612 2485 753 2544 recondit.

48 2553 143 2655 ‘Aeneas
157 2566 260 2643 quibus
275 2566 306 2622 in
322 2566 423 2623 mediis
440 2566 478 2623 sic
495 2565 601 2623 deinde
618 2567 749 2623 locutus:

61 2644 153 2717 accipite
167 2648 238 2704 haec
254 2646 366 2717 animis,
383 2648 528 2724 laetasque
544 2646 684 2703 advertite
700 2662 820 2704 mentes.

61 2730 121 2779 nerno
134 2747 165 2784 ex
180 2730 235 2785 hoc
252 2746 372 2784 numero
388 2727 459 2783 mihi
477 2748 536 2783 non
552 2727 674 2784 donatus
690 2727 790 2785 abibit.

61 2793 142 2886 Gnosia
156 2801 223 2864 bina
238 2808 313 2864 dabo
328 2809 422 2864 levato
437 2808 533 2864 lucida
550 2809 624 2864 ferro

59 2887 148 2957 Splcula
163 2889 360 2964 caelatamque
376 2906 494 2961 argento
510 2889 584 2945 ferre
600 2888 776 2964 bipennem:

58 2963 162 3049 mnibus
177 2969 224 3026 hic
242 2969 297 3024 crit
313 2989 385 3024 unus
401 2969 502 3024 honos.
548 2984 602 3024 tres
618 2969 744 3045 praemia
761 2969 844 3044 primi

58 3046 182 3125 lltlpicna
198 3048 328 3125 flavaque
344 3064 430 3123 caput
446 3064 600 3105 nectentur
615 3049 707 3104 oliva:

59 3130 138 3183 nunus
153 3150 259 3206 equum
274 3129 398 3205 phaleris
414 3128 556 3201 insignem
571 3129 663 3184 victor
678 3129 802 3197 habet03
856 3158 892 3194 310

99 3228 135 3279 279
150 3224 276 3269 nixantem.
313 3221 357 3282 285
376 3222 450 3267 ubera.
486 3235 531 3279 299
550 3222 646 3267 Arcadia
659 3224 746 3280 Tegeae
759 3223 792 3267 de.
