2002 3614
13 215 18 228 ·
75 208 120 242 120
341 195 366 243 P.
384 195 526 244 VERGILI
545 188 701 244 MARONIS

112 325 308 401 pallentesque
323 324 452 381 habitant
469 324 575 394 Morbi,
592 323 734 401 tristisque
750 325 901 395 Senectus,
923 389 925 394 ,

112 422 141 463 et
157 407 265 475 Metus,
281 420 310 461 et
325 404 484 462 malesuada
499 406 607 476 Fames,
622 426 653 462 ac
670 405 759 482 turpis
775 405 899 479 Egestas,

113 486 252 543 terribiles
267 485 328 542 visu
343 485 459 554 formae,
475 485 649 563 Letumque,
664 486 832 563 Labosque;
913 527 914 530 κ

111 583 173 624 tum
189 566 414 640 consanguineus
429 566 494 623 Leti
511 567 609 643 Sopor,
624 581 653 624 et
667 567 740 624 mala
755 567 859 624 mentis

112 648 235 717 Gaudia,
250 646 487 724 mortiferumque
501 646 618 704 adverso
633 647 663 704 in
679 646 780 705 limine
795 647 922 717 Bellum,

112 729 251 805 ferreique
287 727 482 785 Eumenidum
518 727 645 799 thalami,
679 747 707 785 et
741 728 890 786 Discordia
924 729 975 786 de-

192 830 280 878 mens,
528 848 529 852 1
938 827 976 867 280

111 889 258 967 vipereum
273 888 383 946 crinem
398 888 473 945 vittis
489 888 594 946 innexa
609 889 743 948 cruentis.

112 970 142 1027 in
157 970 251 1028 medio
267 990 356 1026 ramos
372 990 533 1046 annosaque
549 969 680 1027 bracchia
693 969 794 1046 pandit

112 1052 206 1108 ulmus
220 1060 315 1128 opaca,
331 1050 441 1125 ingens,
456 1071 541 1126 quam
557 1051 653 1107 sedem
669 1051 784 1108 Somnia
798 1050 885 1125 vulgo

111 1153 183 1188 vana
198 1147 294 1188 tenere
310 1131 414 1200 ferunt,
430 1130 563 1208 foliisque
578 1131 630 1188 sub
645 1131 776 1188 omnibus
791 1133 919 1189 haerent.

112 1214 258 1289 multaque
273 1228 417 1288 praeterea
432 1211 574 1269 variarum
589 1227 714 1270 monstra
728 1212 852 1269 ferarum

113 1293 251 1350 Centauri
267 1292 297 1349 in
312 1293 419 1350 foribus
435 1292 587 1362 stabulant,
603 1293 772 1368 Scyllaeque
789 1292 933 1363 biformes,

112 1389 140 1431 et
154 1374 404 1446 centumgeminus
419 1372 556 1442 Briareus,
573 1393 603 1431 ac
621 1373 704 1430 belua
718 1372 828 1430 Lernae

111 1454 286 1512 horrendum
300 1454 430 1523 stridens,
446 1452 624 1530 flammisque
641 1469 746 1511 armata
761 1453 922 1522 Chimaera,

112 1536 272 1610 Gorgones,
288 1534 501 1612 Harpyiaeque,
518 1551 547 1591 et
564 1535 655 1592 forma
669 1533 831 1611 tricorporis
847 1535 975 1592 umbrae.

112 1615 229 1692 corripit
243 1615 290 1673 hic
306 1616 398 1673 subita
414 1615 539 1692 trepidus
555 1615 709 1672 formidine
723 1614 831 1672 ferrum
886 1661 889 1666 .
938 1645 976 1684 290

112 1699 232 1766 Aeneas,
248 1695 433 1773 strictamque
449 1695 540 1754 aciem
555 1694 737 1753 venientibus
751 1695 844 1766 offert,

112 1793 149 1845 et,
165 1778 194 1834 ni
211 1778 294 1835 docta
309 1797 403 1834 comes
418 1791 518 1834 tenues
533 1777 594 1834 sine
609 1796 726 1854 corpore
740 1776 812 1833 vitas

112 1859 264 1915 admoneat
278 1857 397 1915 volitare
412 1878 480 1914 cava
494 1858 546 1915 sub
560 1857 685 1932 imagine
700 1857 818 1925 formae,

112 1939 217 2008 inruat,
234 1954 262 1995 et
276 1939 378 1995 frustra
392 1938 466 1995 ferro
479 1938 641 2000 diverberet
656 1939 778 1996 umbras.

152 2019 220 2076 hine
236 2018 281 2076 via
297 2019 428 2076 Tartarei
444 2039 517 2095 quae
533 2018 587 2076 fert
600 2019 772 2076 Acherontis
787 2018 823 2076 ad
838 2019 938 2078 undas.

113 2100 242 2157 turbidus
256 2098 303 2156 hic
320 2119 409 2156 caeno
423 2115 557 2176 vastaque
572 2099 703 2174 voragine
718 2121 819 2176 gurges

113 2197 222 2238 aestuat
237 2196 322 2257 atque
336 2201 451 2237 omnem
467 2180 580 2255 Cocyto
595 2197 706 2238 eructat
720 2183 866 2240 harenam.

113 2262 232 2339 portitor
244 2264 293 2319 has
307 2261 464 2318 horrendus
479 2282 564 2338 aquas
580 2277 609 2319 et
624 2262 743 2319 flumina
758 2278 848 2320 servat

113 2342 232 2399 terribili
249 2344 380 2419 squalore
396 2343 532 2400 Charon:
555 2343 600 2400 cui
616 2342 741 2420 plurima
756 2358 854 2400 mento

56 2480 58 2484 Α
113 2423 231 2480 canities
247 2424 357 2480 inculta
373 2423 447 2480 iacet
461 2448 469 2492 ;
491 2439 567 2480 stant
582 2423 691 2480 lumina
707 2423 820 2480 flamma
835 2450 843 2493 ;
941 2455 978 2491 300

113 2505 238 2561 sordidus
254 2525 289 2561 ex
305 2504 410 2561 umeris
425 2505 500 2560 nodo
515 2504 656 2580 dependet
672 2503 803 2561 amictus.

112 2585 171 2660 ipse
188 2601 277 2642 ratem
293 2602 378 2643 conto
394 2585 498 2658 subigit
512 2585 640 2661 velisque
656 2585 808 2654 ministrat,

113 2682 141 2722 et
156 2666 318 2740 ferruginea
333 2668 480 2724 subvectat
496 2686 611 2742 corpora
625 2667 739 2734 cumba,

112 2745 170 2803 iam
185 2747 296 2816 senior;
318 2747 366 2804 sed
382 2746 468 2804 cruda
484 2747 537 2803 deo
551 2746 705 2823 viridisque
720 2761 859 2804 senectus.

113 2828 169 2884 huc
185 2828 278 2884 omnis
294 2829 375 2885 turba
392 2828 427 2884 ad
441 2827 514 2904 ripas
531 2827 619 2884 effusa
633 2828 803 2897 ruebat,f

113 2924 216 2965 matres
232 2923 317 2984 atque
332 2907 396 2978 viri,
410 2907 604 2984 defunctaque
620 2928 736 2985 corpora
751 2906 810 2966 vita

113 2988 328 3064 magnanimum
342 2990 472 3058 heroum,
489 2987 570 3066 pueri
586 2988 787 3065 innuptaeque
799 2988 920 3064 puellae,

113 3068 287 3146 inpositique
301 3068 376 3126 ravis
389 3068 508 3120 invenes
522 3083 588 3127 ante
602 3089 653 3126 ora
666 3084 836 3146 parentum:

113 3170 136 3192 η’
612 3169 707 3219 rigore
721 3169 815 3226 primo
