2002 3614
133 107 152 153 r.
167 106 303 154 vsnonr
323 107 663 154 MARON1SAENE1D05
682 105 743 151 rm.
762 105 800 151 111
883 118 913 163 47

83 232 176 305 vellitur,
190 235 256 292 huic
273 249 335 290 atro
350 232 500 309 liquuntur
515 232 652 307 sanguine
667 247 763 307 guttae

83 328 102 368 et
112 329 198 371 terram
213 316 280 372 tabo
296 314 454 371 maculant.
497 313 566 369 mihi
583 312 700 387 frigidus
716 314 815 369 horror

82 395 178 452 membra
191 395 292 472 quatit,
308 393 477 471 gelidusque
492 393 550 450 coit
566 393 720 450 formidine
735 392 856 468 sanguis.
889 423 913 460 30

82 493 148 531 unus
162 491 188 533 et
202 475 318 532 alterius
333 475 447 531 lentum
463 475 627 531 convellere
642 473 739 530 vimen

82 551 184 632 insequor
198 571 227 612 et
241 576 339 614 causas
354 554 469 631 penitus
486 569 626 631 temptare
643 555 765 612 latentes
778 579 787 624 ;

82 649 121 690 ater
133 652 157 692 et
169 636 283 693 alterius
298 635 424 712 sequitur
438 635 597 692 decortice
613 635 734 709 sanguis.

81 716 146 772 multa
158 737 273 774 movens
289 716 387 773 animo
402 716 552 792 Nymphas
568 716 726 772 venerabar
741 731 862 789 agrestes

81 793 269 874 Gradivumque
283 812 405 873 patrem,
422 795 534 853 Geticis
549 795 598 872 qui
615 795 757 872 praesidet
773 797 854 867 arvis,

81 873 116 932 rite
128 879 312 935 secundarent
326 876 399 934 visus
414 897 559 953 omenque
574 877 712 934 levarent.

81 956 139 1014 tertia
151 959 197 1015 sed
211 973 364 1035 postquam
379 957 484 1013 maiore
499 957 612 1014 hastilia
628 957 690 1014 nisu
816 1026 819 1031 ν

81 1035 200 1111 adgredior
214 1038 391 1114 genibusque
407 1038 538 1094 adversae
554 1037 688 1095 obluctor
702 1040 878 1108 harenae,-

81 1115 169 1194 eloquar
183 1140 218 1175 an
235 1119 333 1175 sileam
345 1117 518 1192 l—gemitus
534 1118 715 1175 lacrimabilis
731 1119 789 1175 imo

81 1198 168 1255 auditur
182 1200 303 1269 tumulo,
319 1213 348 1255 et
362 1219 417 1254 vox
433 1198 545 1255 reddita
560 1199 652 1255 fertur
667 1200 701 1256 ad
717 1220 818 1257 aures:
890 1229 915 1266 40

71 1277 128 1351 ‘quid
140 1280 280 1350 miserum,
295 1280 404 1349 Aenea,
421 1279 550 1336 laceras?
591 1279 648 1336 iam
663 1294 747 1356 parce
763 1281 885 1356 sepulto,

82 1375 142 1430 parce
154 1361 212 1436 pias
227 1361 364 1418 scelerare
380 1354 479 1416 manus
494 1381 501 1416 ε
524 1381 583 1416 non
599 1380 644 1417 me
661 1359 713 1417 tibi
729 1360 818 1416 Troia

83 1455 205 1498 externum
220 1440 286 1497 tulit
301 1455 351 1497 aut
365 1460 449 1496 cruor
464 1439 510 1497 hic
526 1440 562 1497 de
577 1440 673 1516 stipite
689 1456 794 1497 manat.

82 1516 137 1578 heu!
159 1522 224 1595 fuge
240 1520 371 1578 crudeles
387 1535 484 1590 terras,
500 1521 566 1594 fuge
582 1521 650 1578 litus
666 1541 790 1578 avarum.

83 1615 129 1656 nam
142 1601 294 1678 Polydorus
309 1620 383 1675 ego:
404 1600 452 1658 hic
468 1600 613 1657 confixum
630 1601 720 1657 ferrea
736 1600 807 1657 texit

33 1743 35 1751 ὓ
83 1679 178 1740 telorum
192 1701 270 1755 seges
285 1696 315 1738 et
329 1680 428 1738 iaculis
443 1680 566 1738 increvit
582 1681 691 1739 acutis!

33 1761 35 1783 '
83 1771 198 1819 unvero
213 1761 333 1838 ancipiti
349 1776 478 1818 mentem
493 1761 648 1818 formidine
663 1783 772 1838 pressus

33 3160 37 3204 l

82 1837 178 1919 obstipui
193 1857 394 1918 steteruntque
409 1862 507 1898 comae
523 1856 551 1898 et
566 1863 621 1898 vox
637 1843 766 1899 faucibus
781 1844 881 1901 haesit.

108 1922 172 1981 hunc
208 1924 383 1998 Polydorum
416 1921 475 1978 auri
511 1923 656 1999 quondam
685 1943 751 1980 cum
788 1925 916 1999 pondere

139 2025 237 2079 magno

82 2077 157 2141 infelix
173 2084 298 2141 Priamus
313 2083 413 2140 furtim
428 2083 575 2140 mandarat
591 2085 726 2140 alendum
893 2115 918 2150 50

83 2157 195 2222 Threicio
210 2164 278 2239 regi,
295 2184 361 2222 cum
377 2164 433 2220 iam
448 2164 588 2221 diffideret
604 2165 687 2220 armis

83 2235 218 2326 Dardaniae
234 2245 367 2321 cingique
384 2244 483 2301 urbem
499 2244 647 2302 obsidione
663 2245 783 2302 videret.

83 2317 125 2392 ille,
137 2340 164 2381 ut
178 2346 244 2401 opes
260 2325 367 2382 fractae
383 2325 540 2395 Teucrum,
557 2340 585 2381 et
601 2326 716 2381 fortuna
732 2326 854 2396 recessit,

85 2417 113 2456 res
124 2404 355 2480 Agamemnonias
370 2404 556 2481 victriciaque
573 2425 649 2460 arma
665 2422 787 2476 secutus,

85 2477 112 2536 las
123 2498 197 2542 omn'e
212 2485 359 2562 abrumpit
373 2510 381 2554 ;
404 2485 577 2560 Polydorum
593 2485 756 2556 obtruncat,
774 2503 801 2543 et
817 2508 884 2543 auro

86 2558 215 2636 vipotitur.
258 2566 327 2643 quid
344 2586 403 2622 non
419 2566 549 2622 mortalia
564 2581 681 2641 pectora
698 2567 782 2641 cogis,

87 2642 128 2697 auri
139 2667 208 2704 sacra
223 2648 335 2704 fames?
356 2662 506 2723 postquam
521 2668 608 2722 pavor
624 2667 682 2704 ossa
698 2648 823 2725 reliquit,

87 2716 183 2784 delectos
197 2728 298 2805 populi
315 2727 350 2783 ad
365 2748 494 2802 proceres
510 2727 693 2805 primumque
709 2745 858 2805 parentem

88 2815 182 2864 monstra
195 2810 283 2866 deum
300 2808 392 2864 refero
408 2824 436 2864 et
451 2829 523 2883 quae
539 2808 573 2864 sit
589 2810 733 2866 sententia
747 2831 843 2885 posco.

88 2885 188 2965 Omnibus
202 2890 280 2946 idem
296 2888 417 2957 animus,
433 2889 568 2945 scelerata
585 2890 723 2946 excedere
740 2906 822 2959 terra,
894 2907 918 2944 60

90 2953 154 3038 linqui
168 2971 311 3045 pollutum
326 2968 482 3043 hospitium
499 2984 527 3024 et
542 2969 608 3024 dare
624 2969 757 3026 classibus
773 2971 900 3025 Austros.

90 3053 134 3113 ergo
145 3045 325 3109 instauramus
342 3048 482 3122 Polydoro
498 3049 593 3119 funus,
610 3064 638 3105 et
652 3048 752 3123 ingens

391 3141 419 3187 61
439 3143 547 3204 linquere.
