2002 3614
332 157 498 205 AENEIDOS
516 157 578 204 LIB.
596 158 634 206 VI
891 169 934 215 137

71 275 174 334 obvius
189 291 307 346 armato,
323 295 371 333 seu
387 294 454 332 cum
468 274 555 350 pedes
571 274 624 331 iret
639 274 669 331 in
684 276 805 344 hostem,
899 291 936 329 880

70 377 123 414 seu
139 356 297 432 spumantis
314 355 379 432 equi
394 355 506 412 foderet
521 354 678 412 calcaribus
694 374 793 412 armos.

70 438 138 504 heu,
154 436 316 493 miserande
330 456 410 512 puer,
426 435 448 492 si
464 455 519 511 qua
534 435 593 492 fata
608 455 704 511 aspera
719 436 847 510 rumpas!

70 533 101 573 tu
120 517 281 574 Marcellus
297 517 358 574 eris.
402 515 535 572 manibus
550 516 617 573 date
632 515 694 571 lilia
708 515 802 591 plenis

68 617 226 673 purpureos
242 617 370 673 spargam
385 595 477 666 flores,
494 595 678 673 animamque
693 595 804 671 nepotis

68 678 113 734 his
128 678 231 734 saltem
248 676 433 734 adcumulem
449 677 541 747 donis,
557 691 585 732 et
601 676 702 750 fungar
716 675 795 732 inani

68 755 208 815 munere.'
251 757 291 815 sic
308 772 368 814 tota
383 756 488 834 passim
504 757 619 831 regione
634 772 771 831 vagantur

69 839 138 895 aeris
153 839 183 895 in
200 838 308 914 campis
325 837 400 908 latis,
418 853 504 914 atque
521 837 617 894 omnia
633 836 764 894 lustrant.

71 940 142 996 quae
156 934 310 996 postquam
326 918 468 975 Anchises
485 935 585 975 natum
599 939 650 995 per
665 917 775 992 singula
790 918 882 988 duxit,

68 1000 259 1076 incenditque
275 999 404 1057 animum
421 1000 514 1056 famae
530 999 672 1056 venientis
689 1019 792 1069 amore,

69 1080 137 1136 exin
153 1080 229 1137 bella
244 1079 304 1136 viro
321 1097 469 1151 memorat,
487 1101 560 1158 quae
576 1080 681 1137 deinde
695 1079 827 1154 gerenda,
897 1097 935 1146 890

68 1161 286 1237 Laurentesque
302 1161 388 1218 docet
405 1162 526 1239 populos
543 1162 700 1238 urbemque
715 1159 822 1230 Latini,

69 1257 98 1297 et
114 1262 171 1318 quo
187 1261 332 1332 quemque
349 1242 435 1298 modo
452 1243 600 1320 fugiatque
615 1243 744 1319 feratque
759 1241 894 1298 laborem.

110 1337 176 1378 sunt
191 1321 323 1395 geminae
342 1323 441 1380 Somni
458 1340 565 1399 portae,
582 1344 700 1401 quarum
716 1322 804 1380 altera
819 1322 908 1401 fertur

69 1423 182 1472 cornea,
199 1423 255 1479 qua
269 1403 341 1460 veris
359 1403 452 1460 facilis
469 1404 551 1460 datur
567 1405 659 1461 exitus
674 1404 790 1474 umbris

69 1483 158 1539 altera
173 1482 309 1540 candenti
326 1484 453 1560 perfecta
468 1484 563 1541 nitens
579 1485 743 1562 elephanto,

68 1563 118 1621 sed
134 1563 205 1620 falsa
222 1563 257 1620 ad
274 1564 387 1621 caelum
403 1565 524 1622 mittunt
539 1565 679 1622 insomnia
696 1567 820 1623 Manes.-

69 1644 112 1700 his
128 1644 167 1701 ibi
185 1660 248 1701 tum
264 1659 364 1700 natum
380 1645 519 1702 Anchises
535 1666 648 1723 unaque
664 1646 803 1721 Sibyllam

68 1724 251 1802 prosequitur
266 1724 361 1795 dictis,
376 1742 515 1802 portaque
531 1726 637 1783 emittit
653 1727 776 1784 eburna:

69 1805 120 1861 ille
135 1805 213 1862 viam
228 1820 306 1862 secat
322 1804 357 1861 ad
372 1825 467 1874 naves,
482 1805 629 1882 sociosque
644 1806 740 1863 revisit
749 1832 758 1876 ;

70 1903 132 1943 tum
147 1907 176 1942 se
192 1885 228 1942 ad
244 1885 363 1942 Caietae
378 1902 457 1942 recto
472 1886 526 1942 fert
542 1886 625 1942 litore
640 1902 762 1962 portum.
896 1915 933 1952 900

70 1987 172 2024 ancora
187 1966 224 2022 de
238 1986 321 2042 prora
335 1965 437 2022 iacitur
446 1990 454 2035 3
476 1981 552 2022 stant
567 1966 649 2024 litore
664 1987 784 2043 puppes.
