2002 3614
269 258 270 262 Ἰ
330 185 497 235 AENEIDOS
514 185 577 235 LIB.
594 189 620 236 V

78 334 187 372 nomen
202 313 246 371 avi
263 314 390 371 referens
406 315 544 387 Priamus,
561 333 608 373 tua
623 317 709 386 clara,
726 317 828 386 Polite,

77 393 239 472 progenies,
254 410 373 452 auctura
388 396 496 466 Italos;
518 417 605 474 quem
621 397 766 455 Thracius
781 397 853 455 albis

77 491 175 552 portat
189 495 280 552 equus
295 475 405 533 bicolor
420 477 550 549 maculis,
565 477 683 553 vestigia
698 477 783 554 primi

78 555 143 612 alba
158 555 239 632 pedis
254 556 438 634 frontemque
453 574 601 616 ostentans
616 559 720 616 arduus
736 559 840 618 albam.

78 636 151 693 alter
164 637 246 712 Atys,
262 656 351 712 genus
367 639 444 696 unde
458 639 519 696 Atii
536 640 643 697 duxere
658 639 766 709 Latini,

77 737 181 793 parvus
196 717 278 793 Atys,
293 737 440 795 pueroque
455 740 527 796 puer
542 720 666 778 dilectus
681 721 756 779 Iulo.

78 813 224 854 extremus
240 797 389 875 formaque
405 815 472 857 ante
487 821 587 858 omnes
602 801 724 877 pulcher
739 800 820 857 lulus
906 829 943 868 ⁵70

79 877 200 935 Sidonio
216 893 258 936 est
273 877 405 936 invectus
421 900 504 957 equo,
520 901 608 958 quem
623 880 746 938 candida
761 881 840 938 Dido

78 978 138 1014 esse
153 979 197 1015 sur
189 957 331 1016 dederat
346 960 559 1018 monimentum
575 976 604 1017 et
618 961 722 1038 pignus
738 961 859 1019 amoris.

77 1053 174 1096 cetera
190 1038 352 1097 Trinacriis
366 1040 456 1116 pubes
472 1041 590 1098 senioris
604 1043 726 1099 Acestae

78 1119 171 1176 fertur
186 1119 276 1196 equis.

78 1199 231 1276 excipiunt
246 1199 347 1276 plausu
363 1201 489 1276 pavidos,
505 1202 690 1279 gaudentque
706 1218 820 1260 tuentes

78 1278 274 1351 Dardanidae,
290 1295 478 1358 veterumque
494 1283 674 1357 adgnoscunt
688 1304 737 1340 ora
752 1299 915 1360 parentum

76 1375 231 1436 postquam
247 1379 364 1418 omnem
379 1361 447 1419 laeti
463 1382 627 1419 consessum
641 1363 798 1454 oculosque
814 1383 928 1421 suorum

78 1439 260 1497 lustravere
252 1461 282 1497 m
299 1441 389 1518 equis,
405 1441 518 1533 signum
532 1443 657 1500 clamore
672 1444 775 1520 paratis

78 1519 219 1597 Epytides
235 1521 320 1596 longe
336 1520 438 1579 dedit'
431 1523 619 1600 insonuitque
634 1523 757 1599 flagello.

77 1601 129 1657 olli
145 1600 306 1659 discurrere
322 1623 411 1678 pares,
427 1617 513 1680 atque
529 1604 642 1678 agmina
658 1604 733 1661 terni
906 1624 944 1672 580

77 1680 203 1739 diductis
219 1682 329 1739 solvere
345 1682 447 1754 choris,
463 1704 615 1762 rursusque
630 1685 723 1743 vocati

77 1776 249 1820 convertere
264 1761 322 1819 vias
338 1762 499 1841 infestaque
515 1765 572 1823 tela
588 1765 689 1824 tulere

78 1842 147 1900 inde
162 1842 255 1900 alios
248 1859 352 1901 rneunt
368 1864 465 1901 cursus
481 1844 609 1921 aliosque
624 1866 753 1904 recursus

77 1923 186 1980 adversi
203 1922 311 2000 spatiis,
327 1924 511 2002 alternosque
526 1926 642 1983 orbibus
656 1927 737 1984 orbes

77 2003 244 2084 inpediunt,
259 2024 431 2082 pugnaeque
447 2006 527 2063 cient
542 2005 693 2064 simulacra
708 2008 760 2065 sub
775 2008 877 2066 armis:

78 2100 106 2141 et
122 2105 201 2142 nunc
219 2098 296 2159 terga
312 2085 379 2159 fuga
394 2086 516 2157 nudant,
533 2107 611 2144 nunc
627 2087 736 2164 spicula
751 2106 869 2146 vertunt

77 2165 195 2236 infensi,
211 2165 287 2222 facta
302 2165 409 2242 pariter
425 2186 503 2225 nunc
518 2187 590 2244 pace
605 2168 746 2227 feruntur.

78 2261 109 2302 ut
124 2245 272 2322 quondam
288 2245 376 2302 Creta
392 2247 484 2304 fertur
498 2247 716 2324 Labyrinthus
709 2250 810 2306 malta

76 2325 234 2417 parietibus
251 2341 362 2384 textum
378 2327 470 2384 caecis
485 2328 549 2399 iter,
565 2329 780 2420 ancipitemque

76 2405 198 2463 mille
171 2405 225 2463 vris
240 2406 371 2464 habuisse
387 2409 496 2479 dolum,
513 2429 569 2485 qua
584 2409 663 2484 signa
678 2410 816 2486 sequendi
905 2439 943 2478 590

76 2486 190 2544 falleret
206 2486 395 2563 indeprensus
412 2505 440 2547 et
455 2454 650 2546 iniemeabilis
666 2510 759 2548 error:

75 2567 153 2624 haud
169 2567 227 2624 alio
242 2567 394 2625 Teucrum
410 2570 469 2626 nati
486 2570 604 2644 vestigia
620 2591 703 2627 cursu

76 2646 242 2723 inpediunt,
259 2663 421 2726 texuntque
437 2650 516 2725 fugas
533 2666 561 2708 et
576 2651 685 2727 proelia
702 2652 789 2720 ludo;

76 2728 251 2804 delphinum
266 2729 382 2799 similes,
399 2730 448 2807 qui
464 2752 515 2807 per
530 2731 619 2788 maria
635 2731 732 2788 umida
749 2733 846 2789 nando

77 2808 269 2889 Carpathium
283 2809 484 2887 Libycumque
495 2828 594 2868 secant
605 2811 769 2888 luduntque
779 2833 830 2902 per
841 2810 939 2868 undas.

76 2883 153 2946 hunc
171 2908 281 2946 morem
296 2909 393 2946 cursus
410 2907 495 2981 atque
511 2892 582 2948 haec
599 2892 755 2949 certamina
771 2892 880 2968 primus

75 2968 225 3040 Ascanius,
241 2970 371 3061 Longam
388 2972 475 3027 muris
491 2992 557 3029 cum
574 2972 701 3046 cingeret
716 2973 829 3042 Albam,

77 3049 198 3121 rettulit,
215 3065 243 3107 et
259 3050 365 3126 priscos
381 3052 481 3107 docuit
496 3053 640 3109 celebrare
656 3053 784 3122 Latinos,

76 3149 133 3206 quo
147 3151 219 3207 puer
234 3131 294 3208 ipse
310 3131 406 3202 modo,
422 3152 519 3189 secum
535 3152 592 3207 quo
608 3133 698 3189 Tro'r'a
713 3133 822 3208 pubcs;

197 3238 241 3286 573
260 3225 401 3272 Trinacriae.
436 3223 558 3271 Trinacrii.
595 3226 637 3284 581
658 3225 766 3271 deductis.
