2002 3614
316 187 484 235 AENEIDOS
502 187 564 235 LIB.
581 188 605 234 11

77 313 176 384 auditur,
189 315 362 391 propiusque
377 330 470 372 aestus
485 315 619 372 incendia
634 317 763 374 volvunt.

60 397 127 466 ‘ergo
138 414 190 468 age,
204 415 267 452 care
282 411 374 471 pater,
390 396 494 453 cervici
510 396 650 472 inponere
666 413 797 464 nostrae;

77 471 123 548 ipse
135 475 225 532 subibo
240 475 356 546 umeris,
374 497 426 533 nec
443 496 489 533 me
505 476 584 533 labor
599 477 651 534 iste
666 477 811 552 gravabit3

76 573 120 628 quo
131 575 167 611 res
180 576 301 633 cumque
317 556 431 628 cadent,
444 577 534 614 unum
551 573 579 614 et
590 578 744 614 commune
759 558 910 634 periclum,

77 652 120 690 una
131 635 194 693 salus
208 637 345 694 ambobus
362 636 425 695 erit.
468 638 538 694 mihi
554 659 656 714 parvus
671 639 751 695 Iulus
873 669 911 706 710

76 712 104 769 sit
114 735 204 790 eomes,
220 733 248 774 et
264 718 350 792 longe
365 733 458 775 servet
472 719 591 793 vestigia
606 719 743 776 coniunx.

76 813 120 864 vos,
132 795 232 868 famuli,
248 818 321 874 quae
336 799 441 869 dicam,
457 799 559 856 animis
575 798 715 856 advertite
730 799 837 857 vestris.

77 888 108 930 est
119 877 178 933 urbe
192 879 307 952 egressis
323 879 450 936 tumulus
466 880 664 955 templumque
679 896 823 937 vetustum

76 953 178 1015 desertae
192 959 315 1030 Cereris,
331 959 468 1036 iuxtaque
483 958 601 1036 antiqua
616 980 772 1036 cupressus,

77 1035 188 1110 religione
203 1055 317 1114 patrum
332 1040 438 1097 multos
453 1056 561 1097 servata
576 1061 628 1116 per
643 1061 750 1098 annos:

77 1114 131 1172 hanc
145 1139 174 1174 er
188 1119 300 1176 diverso
315 1120 413 1176 sedem
428 1120 575 1177 veniemus
591 1121 622 1176 in
638 1142 733 1179 unam.

78 1209 106 1264 tu,
117 1199 226 1270 genitor,
242 1220 313 1276 cape
328 1220 406 1257 sacra
421 1221 507 1257 manu
522 1201 686 1278 patriosque
703 1202 843 1272 Penates3

77 1293 116 1345 nte,
129 1277 198 1336 bello
213 1300 229 1336 e
245 1295 326 1337 tanto
341 1280 496 1354 digressum
512 1297 540 1338 et
556 1282 643 1338 caede
659 1282 778 1352 recenti,

77 1370 199 1416 attrectare
215 1361 304 1430 nefas,
320 1361 412 1418 donec
429 1382 475 1418 me
491 1360 611 1418 flumine
625 1362 691 1418 vivo

77 1435 182 1498 abluero?
874 1473 911 1508 720

77 1514 127 1574 haec
140 1519 216 1590 fatus,
232 1521 305 1577 latos
320 1542 433 1578 umeros
449 1523 633 1599 subiectaque
649 1523 723 1580 colla

78 1613 133 1654 veste
145 1621 223 1677 super
238 1601 370 1678 fulvique
386 1602 530 1659 insternor
543 1605 622 1679 pelle
638 1604 748 1670 leonis3

77 1679 226 1762 tuceedoque
241 1682 333 1738 oneri.
376 1682 493 1740 dextrae
509 1703 538 1740 se
553 1705 654 1760 parvus
670 1685 750 1741 Iulus

77 1757 190 1832 inplicuit,
206 1762 393 1839 sequiturque
408 1779 518 1839 patrem
534 1784 593 1820 non
608 1765 735 1841 passibus
751 1765 866 1842 aequis:

76 1853 130 1908 pone
142 1842 213 1899 subit
227 1843 366 1901 coniunx.

368 1923 488 1981 ferimur
501 1945 553 2001 per
568 1946 656 2001 opaca
671 1927 819 1995 locorum3

76 2011 95 2052 et
105 2018 148 2072 me,
163 2024 248 2080 quern
263 2004 373 2061 dudum
389 2025 448 2061 non
465 2005 523 2061 ulla
539 2005 645 2062 iniecta
661 2008 816 2085 movebant

76 2078 122 2150 tela,
134 2102 223 2161 neque
238 2084 357 2141 adverso
371 2085 521 2159 glomerati
539 2107 572 2142 ex
588 2087 701 2161 agmine
718 2088 798 2157 Grai,

74 2174 129 2218 nunc
142 2184 238 2221 omnes
255 2180 365 2222 terrent
380 2187 473 2236 aurae,
490 2187 574 2223 sonus
591 2183 697 2224 excitat
712 2188 806 2224 omnis

74 2255 211 2324 §lupensum
228 2260 257 2302 et
271 2245 379 2321 pariter
394 2247 551 2324 comitique
566 2248 705 2324 onerique
721 2248 883 2306 timentem.

73 2335 159 2398 umque
172 2325 402 2402 propinquabam
417 2327 514 2403 portis,
530 2349 705 2405 omnemque
719 2328 837 2385 videbar
871 2360 909 2396 730

73 2403 164 2462 evasisse
177 2407 263 2476 viam,
280 2406 374 2463 subito
390 2427 455 2463 cum
472 2408 571 2465 creber
586 2409 621 2465 ad
636 2429 716 2465 aures

72 2477 126 2539 visus
137 2485 229 2544 adesse
244 2486 353 2562 pedum
368 2487 485 2559 sonitus,
501 2488 671 2565 genitorque
686 2510 737 2564 per
753 2491 883 2547 umbram

72 2565 228 2639 prospiciens,
252 2566 356 2638 ‘nate,‘
385 2570 535 2639 exclamat,
559 2570 651 2643 ‘fuge‚
675 2587 760 2638 nate3
788 2572 907 2646 propin-

129 2663 231 2722 quant3

73 2720 174 2783 ardentes
188 2728 297 2804 clipeos
313 2745 399 2805 atque
415 2750 479 2786 aera
494 2729 631 2786 micantia
647 2731 754 2787 cerno'

73 2796 105 2856 hic
117 2807 177 2863 nihi
193 2809 291 2865 nescio
307 2810 384 2886 quod
400 2810 512 2885 trepido
527 2811 603 2866 male
620 2831 728 2867 numen
744 2809 868 2867 amicum

73 2884 190 2945 confusam
206 2889 313 2965 eripuit
328 2905 466 2947 mentem.
510 2911 632 2967 namque
648 2891 709 2947 avia
726 2912 807 2947 cursu

73 2956 122 3019 dum
133 2987 236 3045 sequor,
253 2985 281 3026 ct
298 2987 366 3026 nota
382 2971 490 3026 excedo
506 2971 622 3044 regione
638 2972 757 3042 viarum,

74 3035 127 3101 heu!
146 3049 244 3107 misero
259 3051 388 3107 coniunx
404 3051 502 3107 fatone
519 3068 614 3126 erepta
632 3053 738 3109 Creusa

74 3119 190 3186 substitit?
212 3131 354 3187 erravitne
372 3130 415 3187 via
431 3152 479 3187 seu
496 3132 564 3188 lassa
581 3133 706 3188 resedit?

74 3193 203 3280 incertum
226 3232 279 3269 nec
295 3227 360 3288 post
375 3211 465 3268 oculis
482 3228 522 3269 cst
538 3212 648 3270 reddita
665 3211 775 3269 nostris.
868 3239 905 3274 740
