2002 3614
80 179 125 224 1¹4
345 166 371 213 P.
389 164 530 211 VERGILI
548 164 705 211 MARONIS

116 294 173 350 iam
190 295 305 351 tandem
321 292 422 350 Italiae
437 293 579 368 fugientes
594 293 762 370 prendimus
776 315 859 366 oras;

115 376 168 431 hac
185 375 313 431 Troiana
328 391 410 431 tenus
426 375 513 431 fuerit
528 375 644 432 fortuna
660 390 767 434 secuta.

116 476 164 511 vos
180 476 295 532 quoque
312 456 482 530 Pergameae
498 455 555 512 iam
570 456 610 512 fas
626 472 669 512 est
683 475 799 532 parcere
814 457 905 531 genti,

115 535 201 611 dique
217 537 344 613 deaeque
359 556 467 606 omnes,
483 536 586 613 quibus
601 536 712 595 obstitit
727 537 816 593 Ilium
832 553 861 594 et
876 538 980 614 ingens

113 616 201 690 gloria
217 616 390 674 Dardaniae.
434 632 532 693 tuque,
547 638 564 673 o
579 617 754 674 sanctissima
769 634 857 688 vates,

114 697 239 773 praescia
253 697 377 768 venturi,
393 697 528 754 da-non
544 697 674 754 indebita
688 718 774 773 posco

115 797 200 852 regna
216 778 286 834 meis
303 778 493 834 fatis—Latio
507 778 656 834 considere
672 778 813 849 Teucros,

115 874 295 935 errantesque
311 859 377 915 deos
394 858 555 935 agitataque
570 857 691 915 numina
706 858 825 917 Troiae.

115 955 177 995 tum
193 939 308 996 Phoebo
324 954 352 995 et
368 939 486 995 Triviae
502 939 593 995 solido
608 939 643 996 de
660 959 797 997 marmore
813 941 960 1016 templum

115 1019 273 1089 instituam,
289 1020 432 1096 festosque
448 1019 508 1076 dies
523 1019 559 1076 de
575 1020 693 1076 nomine
710 1019 829 1077 Phoebi.
957 1053 984 1088 70

116 1116 143 1157 te
158 1120 272 1176 quoque
288 1120 389 1174 magna
406 1114 525 1156 manent
540 1100 632 1174 regnis
647 1100 806 1176 penetralia
822 1102 947 1171 nostris;

114 1181 161 1237 hic
179 1201 230 1255 ego
246 1201 371 1256 namque
388 1196 449 1237 tuas
465 1196 553 1237 sortes
569 1201 730 1257 arcanaque
745 1180 814 1251 fata,

114 1261 191 1318 dicta
206 1281 285 1317 meae
300 1260 390 1335 genti,
406 1280 511 1337 ponam
527 1261 673 1337 lectosque
688 1262 814 1332 sacrabo,

114 1342 198 1411 alma,
214 1341 296 1398 viros.
340 1340 416 1397 foliis
433 1356 546 1397 tantum
561 1361 599 1398 ne
613 1341 738 1398 carmina
753 1341 867 1412 manda,

116 1443 152 1479 ne
168 1423 279 1479 turbata
294 1422 393 1478 volent
408 1421 512 1497 rapidis
528 1421 652 1479 ludibria
665 1421 777 1480 ventis:

114 1503 174 1579 ipsa
190 1523 273 1559 canas
287 1499 356 1560 oro.'
399 1501 487 1557 finem
501 1501 582 1559 dedit
597 1523 645 1559 ore
660 1501 809 1579 loquendi.

155 1599 192 1653 at,
211 1582 319 1640 Phoebi
335 1582 467 1639 nondum
482 1582 601 1658 patiens,
618 1581 742 1640 inmanis
757 1582 788 1640 in
803 1598 888 1641 antro

114 1665 269 1720 bacchatur
283 1679 370 1732 vates,
385 1683 524 1737 magnum
539 1662 560 1718 si
575 1678 692 1739 pectore
706 1663 794 1740 possit

114 1744 266 1801 excussisse
282 1744 387 1800 deum:
410 1758 491 1800 tanto
505 1743 593 1819 magis
609 1743 658 1800 ille
673 1743 771 1818 fatigat

113 1846 143 1881 os
155 1824 294 1892 rabidum,
311 1825 369 1881 fera
385 1824 472 1882 corda
487 1824 616 1894 domans,
632 1824 772 1901 fingitque
787 1825 954 1901 premendo.

113 1905 184 1963 ostia
199 1905 313 1982 iamque
328 1905 430 1961 domus
445 1920 562 1981 patuere
578 1905 707 1979 ingentia
722 1920 842 1963 centum
951 1924 978 1963 81

113 2003 214 2062 sponte
229 2006 277 2041 sua
293 1985 422 2076 vatisque
439 1986 537 2042 ferunt
552 2007 684 2062 responsa
698 2006 750 2061 per
765 2007 864 2043 auras:

95 2072 130 2122 ‘0
147 2067 263 2123 tandem
278 2066 387 2156 magnis
403 2066 495 2142 pelagi
512 2067 650 2123 defuncte
665 2065 822 2143 periclis-

113 2148 162 2203 sed
178 2164 268 2203 terrae
283 2145 411 2238 graviora
426 2163 564 2205 manent:
586 2147 616 2203 in
632 2167 717 2220 regna
733 2146 837 2203 Lavini

113 2228 297 2284 Dardanidae
312 2227 442 2298 venient,
459 2228 542 2284 mitte
557 2230 631 2285 hanc
648 2228 682 2284 de
697 2242 814 2303 pectore
830 2248 936 2296 curam,

114 2308 161 2363 sed
179 2329 235 2363 non
253 2324 281 2364 et
296 2308 406 2364 venisse
423 2309 531 2365 volent.
574 2309 658 2378 bella,
674 2307 788 2364 horrida
803 2308 889 2378 bella,

114 2403 142 2442 et
158 2388 301 2462 Thybrim
316 2389 409 2445 multo
425 2405 606 2464 spumantem
621 2388 758 2463 sanguine
773 2408 871 2445 cerno,

114 2488 172 2523 non
190 2469 291 2525 Simois
307 2469 358 2525 tibi
376 2489 428 2526 nec
447 2470 579 2526 Xanthus
595 2489 648 2526 nec
664 2469 771 2526 Dorica
787 2484 878 2525 castra

114 2548 279 2618 defuerint;
302 2550 372 2606 alius
389 2549 474 2606 Latio
489 2549 546 2606 iam
561 2564 658 2625 partus
672 2549 812 2619 Achilles,

115 2644 196 2684 natus
212 2645 239 2686 et
254 2630 314 2705 ipse
330 2631 402 2699 dea;
425 2650 477 2686 nec
495 2629 617 2686 Teucris
633 2629 728 2687 addita
743 2630 819 2685 Iuno
949 2659 977 2697 90

115 2728 233 2784 usquam
249 2710 339 2766 aberit
353 2736 361 2779 ;
384 2731 450 2767 cum
467 2726 497 2766 tu
513 2711 635 2786 supplex
650 2709 680 2765 in
696 2710 779 2767 rebus
795 2710 892 2784 egenis

114 2809 181 2863 quas
196 2806 294 2862 gentes
311 2791 417 2847 Italum
433 2807 482 2847 aut
497 2812 564 2867 quas
580 2810 638 2847 non
654 2789 776 2846 oraveris
792 2790 895 2848 urbes!

114 2888 195 2924 causa
211 2869 277 2925 mali
295 2871 366 2927 tanti
383 2871 512 2927 coniunx
527 2871 632 2927 iterum
647 2870 760 2947 hospita
775 2871 909 2939 Teucris,

115 2949 284 3024 externique
299 2950 405 3007 iterum
423 2951 550 3009 thalami.

115 3044 144 3083 tu
162 3048 197 3083 ne
213 3029 281 3085 cede
297 3031 385 3098 malis,
402 3031 451 3088 sed
465 3047 563 3088 contra
577 3031 724 3089 audentior
739 3030 790 3101 ito,

115 3129 169 3182 qua
185 3124 232 3164 tua
248 3126 275 3166 te
291 3110 405 3167 fortuna
420 3111 503 3168 sinet.
544 3112 589 3168 via
604 3112 694 3188 prima
708 3111 815 3182 salutis,

276 3202 307 3260 84
323 3212 388 3250 terra.
423 3205 453 3264 96
470 3222 513 3266 qua
525 3205 606 3252 Seneca.
640 3220 708 3266 quam
720 3204 778 3250 codd.
