2002 3614
70 205 114 240 102
344 197 371 242 P.
388 190 530 242 VERGILI
548 191 705 240 MARONIS

107 337 306 380 transcurrunt
321 322 489 400 crinemque
503 322 631 380 volantia
646 322 737 379 sidera
753 322 875 380 ducunt.

107 402 236 460 attonitis
251 405 368 460 haesere
383 403 485 460 animis
500 423 674 480 superosque
688 402 798 480 precati

107 482 253 540 Trinacrii
270 483 439 561 Teucrique
454 483 525 541 viri:
547 504 601 541 nec
617 483 758 541 maximus
773 502 861 540 omen
935 511 973 550 ⁵30

106 563 208 620 abnuit
221 565 353 634 Aeneas3
375 565 424 622 sed
439 565 547 622 laetum
563 565 711 642 amplexus
724 565 852 621 Acesten

106 644 273 702 muneribus
288 645 419 702 cumulat
433 645 552 720 magnis,
568 665 600 702 ac
616 645 683 702 talia
698 645 792 702 fatur:

87 729 195 795 ‘sume,
210 742 291 801 pater
300 750 309 795 ;
331 745 398 782 nam
414 740 443 783 te
457 726 550 782 voluit
565 746 613 783 rex
630 745 747 800 magnus
763 725 886 801 Olympi

107 805 211 862 talibus
226 805 360 882 auspiciis
376 822 518 863 exsortem
533 807 639 864 ducere
654 808 804 863 honorem.

105 885 193 962 ipsius
208 886 352 958 Anchisae
368 887 498 961 longaevi
514 889 569 944 hoe
584 907 689 945 munus
704 884 833 956 habebis,

106 982 214 1023 cratera
229 967 390 1043 inpressum
405 967 500 1041 signis,
516 988 603 1044 quem
619 967 762 1024 Thracius
776 965 849 1023 olim

104 1047 249 1104 Anchisae
263 1047 386 1122 genitori
403 1047 434 1103 in
450 1067 554 1122 magno
568 1068 688 1104 munere
704 1047 819 1105 Cisseus

106 1127 179 1184 ferre
195 1127 237 1184 sui
253 1128 371 1184 dederat
386 1127 599 1185 monimentum
615 1143 644 1185 et
658 1127 761 1204 pignus
777 1126 902 1184 amoris!

105 1207 144 1265 sic
160 1208 234 1264 fatus
250 1208 340 1283 cingit
355 1208 492 1265 viridanti
509 1223 637 1285 tempora
652 1208 743 1278 lauro,

105 1303 134 1345 et
148 1288 274 1364 primum
289 1304 357 1346 ante
372 1308 472 1345 omnes
484 1288 623 1345 victorem
635 1287 762 1365 appellat
772 1288 912 1345 Acesten.
934 1314 973 1354 540

106 1389 159 1425 nec
175 1370 267 1426 bonus
283 1368 425 1446 Eurytion
440 1369 569 1446 praelato
584 1368 689 1425 invidit
703 1367 817 1437 honori,

105 1449 234 1526 quamvis
249 1450 324 1506 solus
339 1470 421 1507 avem
437 1450 517 1506 caelo
532 1448 639 1506 deiecit
654 1449 688 1506 ab
704 1448 771 1506 alto.

104 1529 251 1606 proximus
266 1530 426 1604 ingreditur
442 1529 524 1586 donis
539 1529 588 1606 qui
604 1528 720 1586 vincula
735 1528 834 1604 rupit;

105 1626 258 1680 extremus,
273 1609 383 1667 volucri
398 1609 448 1686 qui
464 1609 527 1666 fixit
540 1609 704 1667 harundine
719 1609 839 1667 malum.

145 1706 173 1746 at
187 1705 268 1766 pater
282 1691 404 1761 Aeneas,
421 1690 552 1747 nondum
567 1689 725 1746 certamine
740 1689 837 1760 misso,

105 1771 254 1828 custodem
270 1771 304 1827 ad
320 1791 379 1827 sese
395 1770 591 1861 comitemque
606 1769 728 1851 inpubis
736 1769 794 1826 Iuli

105 1851 250 1926 Epytiden
265 1867 358 1921 vocat,
374 1865 403 1907 et
419 1850 540 1907 fidam
520 1871 559 1907 src
576 1851 653 1907 fatur
668 1850 703 1907 ad
718 1870 837 1919 aurem;
882 1899 887 1910 .

87 1931 176 1988 ‘vade
192 1951 251 2004 age,
267 1947 296 1987 et
310 1929 482 2001 Ascanio,
461 1952 482 1987 s1
498 1931 555 1987 iam
569 1931 680 2007 puerile
695 1945 828 2008 paratum

105 2032 206 2086 agmen
221 2012 308 2069 habet
323 2031 430 2081 secum,
447 2031 602 2089 cursusque
617 2010 753 2068 instruxit
769 2030 920 2088 equorum,

105 2091 192 2149 ducat
207 2113 259 2148 avo
275 2108 391 2162 turmas,
407 2108 436 2148 et
451 2112 510 2148 sese
525 2092 658 2149 ostendat
673 2091 704 2148 in
719 2090 814 2182 armis,
933 2119 970 2156 550

106 2172 172 2242 dic,’
188 2172 236 2230 ait
279 2173 339 2250 ipse
354 2193 472 2229 omnem
487 2172 573 2247 longo
588 2172 768 2229 decedere
743 2191 822 2228 crrco

106 2218 234 2310 inlisum
248 2254 399 2331 populum,
415 2268 444 2309 et
459 2274 575 2329 campos
590 2251 671 2310 iubet
686 2273 745 2309 esse
759 2267 903 2327 patentes.

105 2333 246 2390 incedunt
260 2335 351 2410 pueri,
366 2333 531 2411 pariterque
547 2349 613 2390 ante
628 2354 676 2389 ora
690 2347 846 2409 parentum

105 2413 223 2469 frenatis
239 2414 362 2471 lucent
354 2435 384 2470 m
401 2414 499 2491 equis3
521 2435 591 2490 quos
607 2414 699 2470 omnis
715 2429 817 2469 euntes

106 2493 274 2550 Trinacriae
290 2494 391 2551 mirata
407 2494 505 2551 fremit
520 2493 707 2571 Troiaeque
700 2508 845 2550 ruventus.

105 2574 260 2630 omnibus
253 2595 283 2630 m
299 2595 409 2632 morem
425 2590 506 2631 tonsa
521 2594 602 2631 coma
617 2595 711 2650 pressa
726 2593 851 2642 corona3

105 2674 208 2710 cornea
224 2655 291 2711 bina
307 2655 405 2711 ferunt
419 2655 544 2731 praefixa
560 2655 673 2711 hastilia
689 2655 773 2724 ferm,

104 2755 167 2809 pars
183 2735 259 2790 leves
276 2755 374 2792 umero
389 2736 554 2811 pharetras;
575 2735 598 2791 it
612 2751 729 2811 pectore
744 2753 857 2790 summo

104 2813 207 2870 flexilis
222 2816 328 2871 obtorti
344 2836 395 2891 per
410 2816 518 2872 collum
533 2815 657 2872 circulus
672 2815 743 2872 auri.

68 2939 70 2944 .
105 2909 160 2951 tres
176 2894 307 2970 equitum
322 2916 443 2952 numero
459 2911 579 2965 turmae,
595 2895 728 2972 ternique
742 2908 883 2968 vagantur
929 2912 968 2958 560

104 2975 358 3051 ductores3puer1
352 2976 416 3033 bis
432 2976 492 3032 seni
508 2997 653 3052 quemque
668 2974 757 3032 secuti

105 3055 217 3129 agmine
232 3055 338 3130 partito
354 3056 467 3131 fulgent
481 3057 653 3132 paribusque
669 3055 817 3128 magistris.

107 3156 162 3192 una
178 3135 251 3192 acies
267 3135 415 3205 iuvenum,
431 3136 511 3193 ducit
526 3156 612 3212 quam
627 3155 729 3211 parvus
744 3150 879 3191 ovantem

434 3242 479 3290 534
496 3228 602 3275 honores.
