2002 3614
81 201 125 248 134
347 188 374 235 P.
391 187 532 235 VERGILI
550 186 705 234 MARONIS

117 315 148 372 hi
164 315 216 372 tibi
233 315 425 385 Nomentum,
441 330 469 373 et
485 315 603 385 Gabios,
618 315 775 392 urbemque
791 314 942 385 Fidenam,

117 396 146 451 hi
164 395 325 453 Collatinas
340 396 483 473 inponent
498 396 644 454 montibus
660 416 746 466 arces,

119 476 272 547 Pometios,
289 477 481 554 Castrumque
496 476 573 548 Inui,
590 477 758 554 Bolamque,
775 475 951 553 Coramque.

117 560 187 614 haec
215 573 277 613 tum
301 557 419 615 nomina
448 573 541 628 erunt,
568 578 646 615 nunc
675 573 740 615 sunt
769 557 831 614 sine
862 556 979 614 nomine

199 652 299 702 terrae.

118 718 188 794 quin
204 734 237 777 et.
249 739 300 774 avo
316 719 453 776 comitem
470 740 529 776 sese
546 719 706 776 Mavortius
722 718 810 775 addet

119 798 268 869 Romulus,
283 799 411 856 Assaraci
427 820 514 876 quem
530 799 673 874 sanguinis
688 798 743 856 Ilia
757 814 850 856 mater

118 879 231 937 educet.
273 879 369 936 viden'
384 895 416 937 ut
431 880 563 954 geminae
578 896 654 937 stant
668 879 775 936 vertice
791 879 905 950 cristae,

119 975 147 1016 et
162 975 242 1035 pater
256 959 316 1036 ipse
332 981 382 1017 suo
398 980 532 1036 superum
547 960 604 1017 iam
620 960 711 1034 signat
725 960 854 1016 honore?
946 977 984 1027 780

119 1060 154 1096 en
170 1040 263 1110 huius
279 1056 355 1110 nate,
372 1040 505 1116 auspiciis
521 1040 571 1097 illa
586 1040 697 1098 incluta
712 1040 804 1097 Roma

118 1120 270 1196 imperium
287 1121 365 1178 terris
381 1121 490 1178 animos
506 1121 639 1198 aequabit
655 1120 793 1196 Olympo,

119 1216 286 1277 septemque
302 1221 358 1259 una
373 1201 425 1258 sibi
442 1222 523 1258 muro
538 1201 727 1259 circumdabit
743 1221 829 1271 arces,

119 1282 190 1337 felix
205 1280 286 1356 prole
301 1282 412 1339 virum:
435 1282 526 1359 qualis
543 1281 713 1357 Berecyntia
728 1297 821 1338 mater

119 1362 264 1419 invehitur
279 1383 362 1419 curru
379 1362 511 1438 Phrygias
528 1363 626 1420 turrita
640 1383 691 1438 per
705 1362 797 1432 urbes,

120 1443 194 1499 laeta
210 1442 295 1499 deum
311 1459 402 1518 partu,
419 1459 537 1500 centum
552 1443 703 1519 complexa
719 1458 849 1519 nepotes,

119 1543 218 1580 omnes
234 1523 394 1594 caelicolas,
409 1544 508 1581 omnes
523 1544 622 1599 supera
637 1524 694 1581 alta
709 1538 853 1581 tenentes.

120 1605 175 1661 huc
191 1604 318 1678 geminas
334 1625 410 1662 nunc
426 1604 511 1661 flecte
526 1605 610 1675 acies,
626 1606 700 1661 hanc
715 1604 810 1680 aspice
825 1620 944 1679 gentem

121 1685 323 1760 Romanosque
340 1700 412 1742 tuos.
453 1685 501 1742 hic
518 1685 630 1755 Caesar,
647 1701 675 1741 et
690 1684 782 1741 omnis
799 1685 858 1742 Iuli

120 1765 278 1840 progenies,
295 1785 429 1839 magnum
444 1765 516 1822 caeli
532 1782 652 1822 ventura
668 1765 719 1822 sub
735 1786 827 1824 axem.
946 1797 984 1834 790

120 1845 167 1903 hic
182 1845 234 1915 vir,
250 1845 297 1902 hic
314 1861 364 1915 est,
380 1845 432 1902 tibi
449 1866 534 1922 quem
549 1846 678 1922 promitti
695 1847 806 1922 saepius
821 1847 913 1918 audis,

120 1928 264 2001 Augustus
280 1926 393 1997 Caesar,
409 1926 477 1983 Divi
488 1947 591 2002 genus,
607 1947 689 1984 aurea
705 1927 810 1984 condet

122 2007 234 2064 saecula
249 2007 297 2083 qui
313 2027 406 2063 rursus
422 2007 515 2087 Latio,
531 2024 646 2081 regnata
661 2029 712 2084 per
727 2029 792 2065 arva

123 2089 242 2145 Saturno
258 2087 422 2164 quondam;
444 2105 570 2164 superet
587 2089 775 2145 Garamantas
792 2105 820 2145 et
835 2089 924 2146 Indos

121 2169 247 2244 proferet
262 2168 433 2243 imperium;
454 2168 529 2226 iacet
546 2183 623 2226 extra
638 2169 728 2225 sidera
745 2169 840 2239 tellus,

123 2265 200 2305 extra
216 2249 283 2304 anni
299 2247 423 2324 solisque
438 2249 505 2319 vias,
521 2249 569 2306 ubi
586 2250 704 2306 caelifer
717 2250 799 2306 Atlas

123 2350 204 2385 axem
221 2350 318 2386 umero
335 2345 448 2404 torquet
464 2330 553 2386 stellis
570 2330 733 2387 ardentibus
749 2346 858 2406 aptum.

122 2410 205 2466 huius
221 2410 250 2465 in
267 2410 423 2466 adventum
438 2410 494 2466 iam
511 2431 587 2468 nunc
604 2427 632 2468 et
648 2410 751 2487 Caspia
766 2432 852 2486 regna

123 2490 261 2566 responsis
277 2492 392 2547 horrent
408 2490 505 2547 divom
521 2508 548 2548 et
565 2491 694 2548 Maeotia
710 2492 805 2562 tellus,

124 2586 152 2626 et
167 2571 385 2646 septemgemini
403 2572 517 2628 turbant
533 2573 644 2648 trepida
659 2572 730 2629 ostia
745 2572 820 2630 Nili.
944 2589 982 2627 800

123 2672 175 2707 nec
192 2672 257 2707 vero
272 2652 390 2708 Alcides
407 2668 519 2708 tantum
535 2653 643 2709 telluris
659 2653 758 2723 obivit,

123 2731 215 2788 fixerit
230 2732 392 2807 aeripedem
409 2753 521 2789 cervam
537 2733 614 2802 licet,
631 2748 679 2789 aut
695 2733 864 2809 Erymanthi

122 2813 229 2887 pacarit
245 2831 370 2882 nemora,
387 2830 415 2869 et
430 2813 554 2870 Lernam
570 2813 762 2870 tremefecerit
778 2834 863 2880 arcu;

124 2913 186 2961 nec,
202 2893 249 2969 qui
266 2893 426 2968 pampineis
441 2893 532 2950 victor
547 2894 611 2968 iuga
626 2893 717 2950 flectit
732 2894 859 2962 habenis,
873 2943 874 2946 ,

124 2972 219 3041 Liber,
236 2994 319 3047 agens
336 2974 412 3030 celso
428 2974 524 3049 Nysae
540 2974 575 3030 de
590 2974 697 3031 vertice
714 2974 806 3048 tigres.

124 3068 151 3108 et
168 3053 330 3110 dubitamus
347 3054 439 3111 adhuc
455 3054 591 3111 virtutem
608 3054 762 3111 extendere
777 3054 880 3110 factis?

124 3149 172 3189 aut
187 3150 279 3189 metus
294 3135 421 3191 Ausonia
435 3134 569 3210 prohibet
584 3135 736 3191 consistere
753 3139 844 3191 terra?

180 3226 225 3284 787
244 3243 310 3289 super
323 3230 376 3273 alta.
413 3227 456 3272 801
478 3227 556 3273 obibit.
592 3229 637 3273 806
657 3228 740 3273 virtute
760 3263 765 3273 .
784 3263 789 3273 .
808 3264 814 3275 .
834 3229 899 3275 vires.
