2002 3614
295 931 419 988 LIBER
442 929 639 1001 QUINTUS

91 1104 186 1170 lurtum
200 1114 327 1172 medium
341 1115 453 1171 Aeneas
469 1114 525 1170 iam
541 1114 628 1171 classe
644 1114 761 1170 tenebat

90 1204 157 1248 certus
170 1193 230 1265 iter,
246 1194 408 1271 fluctusque
424 1211 497 1251 atros
512 1194 659 1271 Aquilone
675 1194 797 1264 secabat,

88 1273 174 1331 noenia
188 1275 352 1351 respiciens,
368 1295 440 1352 quae
456 1274 514 1331 iam
529 1273 655 1331 infelicis
670 1273 776 1330 Elissae

86 1350 204 1411 collucent
218 1355 351 1413 flammis.
393 1376 466 1432 quae
482 1371 596 1412 tantum
612 1354 777 1412 accenderit
793 1354 888 1429 ignem

84 1446 144 1490 causa
157 1436 244 1504 latet;
265 1435 328 1492 duri
345 1456 448 1511 magno
464 1435 513 1492 sed
528 1456 624 1492 amore
640 1435 751 1492 dolores

80 1512 177 1587 polluto,
193 1531 362 1594 notumque,
378 1517 475 1572 furens
491 1516 561 1593 quid
577 1515 685 1572 femina
700 1515 797 1592 possit,

80 1591 140 1652 triste
153 1617 202 1674 per
217 1597 366 1672 augurium
382 1596 564 1654 Teucrorum
579 1613 695 1673 pectora
711 1596 830 1654 ducunt.

77 1689 98 1730 ut
109 1678 217 1752 pelagus
233 1693 352 1743 tenuere
368 1693 450 1748 rates,
467 1697 520 1734 nec
537 1677 594 1734 iam
610 1677 731 1753 amplius
747 1677 804 1733 ulla

73 1758 180 1814 occurrit
196 1759 289 1829 tellus,
305 1758 392 1815 maria
409 1757 536 1835 undique
553 1775 582 1815 et
597 1758 725 1835 undique
741 1759 861 1828 caelum,

71 1835 108 1893 olli
123 1840 268 1895 caeruleus
284 1860 365 1915 supra
381 1855 468 1916 caput
483 1839 594 1896 adstitit
609 1838 709 1910 imber,
893 1869 917 1894 10

67 1935 171 1976 noctem
182 1919 367 1996 hiememque
379 1920 483 1990 ferens,
495 1935 523 1976 et
535 1919 678 1976 inhorruit
691 1919 767 1976 unda
780 1919 915 1977 tenebris.

65 1995 116 2074 ipse
129 2001 304 2075 gubernator
317 2000 407 2077 puppi
425 2000 575 2057 Palinurus
590 2001 625 2057 ab
641 2001 714 2058 alta:

49 2079 128 2139 ‘heul
151 2080 289 2158 quianam
304 2081 376 2137 tanti
392 2081 546 2138 cinxerunt
561 2082 676 2138 aethera
693 2081 801 2137 nimbi?

61 2160 169 2237 quidve,
185 2176 267 2237 pater
282 2161 431 2238 Neptune,
447 2162 559 2238 paras?’
604 2161 642 2218 sic
658 2161 764 2218 deinde
780 2162 891 2218 locutus

60 2242 190 2317 colligere
206 2262 283 2299 arma
298 2242 388 2313 iubet,
404 2242 561 2320 validisque
577 2242 744 2299 incumbere
760 2242 853 2313 remis,

58 2321 243 2400 obliquatque
259 2322 336 2379 sinus
352 2323 382 2378 in
398 2338 527 2394 ventum,
544 2345 575 2380 ac
592 2323 658 2379 talia
674 2323 767 2378 fatur:

41 2403 239 2478 ‘magnanime
253 2404 362 2474 Aenea,
378 2424 446 2473 non,
463 2404 484 2460 si
500 2404 571 2463 mihi
589 2403 720 2480 luppiter
735 2419 832 2460 auctor

56 2484 204 2559 spondeat,
220 2485 274 2540 hoc
291 2505 401 2560 sperem
417 2484 531 2541 Italiam
547 2485 714 2559 contingere
730 2484 819 2542 caelo,

55 2564 155 2621 mutati
173 2580 331 2621 transversa
347 2565 475 2621 fremunt
491 2580 519 2622 et
534 2586 651 2641 vespere
667 2565 700 2621 ab
716 2581 776 2621 atro

54 2661 230 2719 consurgunt
245 2644 335 2715 venti,
352 2660 437 2721 atque
453 2645 483 2701 in
500 2647 606 2703 nubem
623 2646 733 2720 cogitur
749 2656 803 2703 aer.
890 2676 914 2701 20

54 2744 105 2782 nec
123 2747 173 2782 nos
188 2725 282 2782 obniti
299 2740 398 2782 contra
415 2746 467 2783 nec
485 2727 603 2783 tendere
619 2742 731 2783 tantum

53 2806 214 2864 sufficimus.
257 2821 372 2881 superat
387 2806 523 2883 quoniam
539 2807 663 2875 fortuna,
679 2827 838 2882 sequamur,

52 2908 165 2964 quoque
180 2903 273 2956 vocat,
290 2901 434 2942 vertamus
450 2886 513 2942 iter.
557 2907 609 2943 nec
626 2887 708 2942 litora
724 2887 807 2960 longe

53 2967 104 3024 fida
120 2989 183 3025 reor
198 2969 326 3024 fraterna
344 2966 440 3040 Erycis
456 2982 609 3042 portusque
627 2966 751 3035 Sicanos

51 3048 72 3104 si
88 3050 172 3106 modo
188 3050 241 3106 rite
258 3067 371 3104 memor
386 3063 493 3102 servata
510 3046 644 3104 remetior
659 3047 752 3102 astra.'

408 3140 520 3198 6posset.
