2002 3614
56 159 112 238 76Δ

328 179 356 226 Ρ.
373 178 515 227 VERGILI
533 178 692 227 MARONIS

97 308 259 382 menefugis
269 313 279 365 ἓ
290 329 341 385 per
349 329 399 383 ego
406 310 455 365 has
463 308 955 386 lacrimasdextramquetuamte‚-

50 418 54 423 ·
96 389 211 464 quando
227 389 305 446 aliud
321 389 392 446 mihi
408 389 464 445 iam
480 389 597 446 miserae
613 389 686 446 nihil
703 389 762 465 ipsa
777 391 923 468 reliqui-

95 490 147 545 per
162 470 285 527 conubia
302 487 406 541 nostra,
422 491 473 546 per
488 470 616 546 inceptos
632 472 817 547 hymenaeos,

96 549 207 607 sibene
223 550 343 628 quidde
360 568 388 607 te
404 551 505 621 merui,
521 551 576 608 fuit
591 566 640 608 aut
654 551 706 607 tibi
722 551 878 630 quicquam

95 630 181 687 dulce
197 652 302 701 meum,
326 631 459 689 miserere
475 632 575 689 domus
592 632 724 702 labentis,
741 649 769 690 et
785 633 877 705 istam,

95 732 154 782 oro,
170 712 191 768 si
207 712 268 788 quis
284 713 377 769 adhuc
393 712 525 788 precibus
541 713 628 782 locus,
645 733 716 769 exue
732 729 872 772 mentem.

97 807 125 848 te
142 809 259 869 propter
275 792 402 868 Libycae
417 809 517 867 gentes
532 792 757 871 Nomadumque
773 794 889 868 tyranni
925 824 960 862 320

95 873 192 942 odere,
206 872 313 929 infensi
330 873 435 948 Tyrii3
457 890 486 931 te
501 890 617 950 propter
634 874 758 931 eundem

97 953 254 1010 exstinctus
269 953 371 1030 pudor,
389 972 426 1024 et,
443 975 498 1031 qua
514 955 572 1011 sola
587 955 677 1012 sidera
692 954 816 1025 adibam,

96 1035 170 1091 fama
186 1034 272 1110 prior.
316 1035 362 1092 cui
379 1056 424 1091 me
440 1035 642 1092 moribundam
658 1035 771 1105 deseris,
787 1037 911 1112 hospes?

95 1117 150 1172 hoc
166 1116 258 1171 solum
275 1135 382 1172 nomen
399 1115 536 1192 quoniam
554 1115 589 1172 de
605 1115 726 1189 coniuge
741 1130 838 1174 restat.

95 1196 164 1272 quid
180 1200 294 1252 moror?
316 1217 351 1252 an
368 1216 431 1252 mea
449 1195 616 1270 Pygmalion
635 1196 705 1252 dum
720 1195 836 1253 moenia
851 1198 937 1255 frater

96 1276 230 1346 destruat,
246 1292 293 1333 aut
309 1292 422 1352 captam
438 1275 523 1332 ducat
539 1276 680 1333 Gaetulus
695 1277 811 1333 Iarbas?

96 1357 197 1415 saltem
212 1357 233 1412 si
249 1377 304 1433 qua
320 1357 391 1413 mihi
407 1356 443 1413 de
458 1371 487 1412 te
502 1372 630 1432 suscepta
646 1356 743 1413 fuisset

96 1454 162 1494 ante
178 1438 274 1511 fugam
290 1437 412 1528 suboles,
428 1436 449 1493 si
466 1436 527 1513 quis
543 1437 613 1493 mihi
629 1438 762 1513 parvulus
777 1439 843 1496 aula

97 1517 208 1574 luderet
223 1518 344 1587 Aeneas,
361 1517 410 1594 qui
426 1533 453 1574 te
470 1534 565 1574 tamen
581 1538 629 1574 ore
645 1518 772 1588 referret,

96 1619 154 1654 non
171 1597 305 1673 equidem
321 1597 442 1653 omnino
458 1614 540 1689 capta
555 1618 585 1654 ac
602 1597 712 1656 deserta
727 1563 865 1690 viderem
924 1631 960 1668 330

136 1679 255 1735 dixerat.
298 1678 349 1734 ille
365 1677 440 1734 Iovis
457 1678 572 1734 monitis
588 1678 696 1735 inmota
712 1679 809 1735 teneb

96 1759 213 1826 lumina,
231 1774 258 1814 et
274 1758 396 1814 obnixus
412 1779 509 1815 curam
525 1758 677 1816 subcorde
693 1760 851 1835 premebat

97 1840 211 1897 tandem
226 1859 317 1914 pauca
333 1839 439 1896 refert:
463 1844 532 1913 ‘ego
548 1855 585 1909 te,
601 1859 673 1916 quae
692 1839 814 1915 plurima
831 1842 921 1898 fando

97 1940 264 1977 enumerare
280 1919 367 1988 vales,
384 1939 551 1996 numquam,
569 1920 687 1994 Regina,
704 1921 814 1994 negabo

95 2001 299 2077 promeritam3
321 2020 374 2056 nec
391 2020 436 2056 me
453 2000 616 2056 meminisse
631 2000 738 2075 pigebit
756 2000 873 2072 Elissae,

95 2083 163 2138 dum
179 2102 288 2138 memor
304 2081 364 2157 ipse
380 2080 446 2150 mei,
463 2081 532 2137 dum
548 2080 660 2157 spiritus
675 2083 726 2137 hos
742 2081 814 2155 regit
830 2099 917 2141 artus.

95 2184 187 2238 prore
199 2182 290 2238 pauca
302 2162 411 2239 loquar.
434 2182 529 2238 neque
542 2163 681 2235 ego·hanc
694 2161 872 2220 abscondere
884 2165 961 2221 furto

96 2243 214 2319 speravi,
231 2264 268 2299 ne
284 2243 367 2316 finge,
385 2243 500 2315 fugam3
522 2263 575 2299 nec
592 2241 718 2316 coniugis
734 2262 873 2318 umquam

94 2323 243 2400 praetendi
261 2323 366 2393 taedas,
384 2338 431 2379 aut
446 2324 517 2380 haec
533 2323 563 2380 in
579 2322 693 2380 foedera
708 2322 785 2380 veni.

96 2424 141 2460 me
157 2404 178 2459 si
195 2405 251 2460 fata
268 2404 338 2460 meis
354 2420 521 2479 paterentur
536 2404 640 2461 ducere
655 2403 743 2460 vitam

95 2484 234 2559 auspiciis,
252 2501 279 2541 et
295 2501 396 2560 sponte
412 2505 474 2540 mea
489 2505 661 2560 componere
677 2505 766 2554 curas,

96 2567 195 2621 urbem
212 2565 372 2621 Troianam
388 2566 512 2642 primum
528 2565 682 2641 dulcesque
698 2585 828 2621 meorum

96 2645 228 2721 reliquias
245 2647 391 2714 colerem;
415 2646 518 2702 Priami
535 2662 609 2702 tecta
626 2647 682 2701 alta
698 2661 856 2715 manerent,

96 2743 123 2782 et
138 2725 262 2782 recidiva
279 2747 365 2782 manu
382 2727 536 2802 posuissem
553 2726 687 2799 Pergama
703 2725 795 2782 victis.

96 2807 144 2863 sed
159 2827 236 2863 nunc
253 2807 366 2863 Italiam
383 2827 516 2880 magnam
532 2807 665 2881 Gryneus
680 2806 795 2882 Apollo,

96 2887 210 2944 ltaliam
226 2887 330 2960 Lyciae
347 2887 452 2944 iussere
467 2908 612 2963 capessere
628 2902 724 2943 sortes.

96 2968 142 3025 hic
159 2989 245 3038 amor,
263 2969 332 3024 haec
349 2968 438 3043 patria
455 2985 505 3025 est.
548 2967 569 3024 si
585 2983 618 3023 te
631 2966 812 3040 Carthaginis
828 2987 907 3023 arces

97 3048 281 3104 Phoenissam
298 3048 481 3124 Libycaeque
497 3063 626 3124 aspectus
642 3047 754 3103 detinet
770 3046 857 3116 urbis,

96 3150 168 3204 quae
184 3128 310 3198 tandem,
326 3129 451 3184 Ausonia
467 3129 596 3185 Teucros
612 3128 760 3184 considere
777 3142 860 3194 terra,
988 3198 994 3210 .

95 3209 202 3265 invidia
218 3213 276 3263 est?
300 3224 327 3264 et
342 3229 392 3263 nos
408 3209 447 3263 fas
464 3223 559 3265 extera
578 3229 711 3285 quaerere
727 3227 822 3280 regna.
923 3237 957 3273 3·
986 3252 990 3268 .
