2002 3614
321 185 486 233 AENEIDOS
504 186 566 233 urs.
583 187 621 235 vr
752 230 753 234 ,
877 157 921 249 129

56 313 181 384 lumina,
194 314 439 391 praecipitemque
454 315 563 372 inmani
579 317 694 375 turbine
710 319 813 393 adegit.

57 414 116 451 nec
132 415 189 452 non
205 411 234 452 et
250 395 370 470 Tityon,
386 395 494 452 Terrae
510 397 716 474 omniparentis
731 400 892 470 alumnum,

57 495 177 533 cernere
193 491 263 545 erat,
277 496 329 551 per
345 490 404 532 tota
419 495 523 533 novem
538 477 585 534 cui
601 478 695 553 iugera
711 499 812 556 corpus

56 555 229 634 porrigitur3
250 572 397 633 rostroque
412 555 535 614 inmanis
551 559 647 616 vultur
662 560 776 617 obunco

57 636 234 694 inmortale
227 657 306 694 iecur
321 637 443 694 tondens
459 637 660 715 fecundaque
654 640 752 715 poenis

56 717 166 774 viscera
176 717 357 794 rimaturque
374 717 464 793 epulis
480 718 646 796 habitatque
662 721 713 776 sub
728 722 785 778 alto

55 812 186 875 pectore,
203 817 256 854 nec
273 797 349 854 fibris
366 797 476 874 requies
492 798 575 855 datur
590 800 648 857 ulla
663 801 778 858 renatis.
885 821 923 859 σω

56 877 130 954 quid
145 898 303 934 memorem
317 878 463 954 Lapithas,
479 879 580 936 Ixiona
597 879 834 958 Pirithoumque?

56 979 129 1036 quos
144 978 228 1035 super
243 973 301 1014 atra
316 958 387 1014 silex
403 958 458 1014 iam
475 959 531 1015 iam
547 959 658 1036 lapsura
673 961 846 1038 cadentique

57 1039 184 1095 inminet
199 1038 356 1097 adsimilis:
380 1039 479 1096 lucent
494 1040 652 1114 genialibus
668 1041 730 1098 altis

56 1140 143 1176 aurea
158 1119 250 1176 fulcra
266 1119 341 1188 toris,
357 1119 516 1196 epulaeque
532 1136 596 1177 ante
611 1141 658 1177 ora
673 1138 784 1198 paratae

56 1199 176 1274 regifico
191 1200 260 1256 luxu
274 1222 283 1266 ;
305 1199 453 1256 Furiarum
468 1200 593 1257 maxima
608 1201 687 1258 iuxta

56 1280 191 1349 accubat,
206 1296 234 1337 et
248 1279 378 1336 manibus
393 1280 525 1356 prohibet
542 1281 706 1355 contingere
722 1303 841 1351 mensas,

56 1361 244 1437 exsurgitque
259 1359 350 1417 facem
366 1360 509 1430 attollens,
525 1377 610 1438 atque
625 1362 737 1419 intonat
752 1384 808 1421 ore.

56 1443 117 1511 hic,
133 1440 237 1519 quibus
252 1440 336 1496 invisi
353 1440 459 1511 fratres,
476 1441 544 1498 dum
559 1441 618 1498 vita
632 1443 773 1512 manebat,

56 1523 223 1598 pulsatusve
237 1541 347 1598 parens,
364 1536 392 1578 et
407 1520 482 1600 fraus
498 1521 603 1579 innexa
619 1522 728 1594 clienti,

56 1618 107 1659 aut
122 1601 172 1680 qui
187 1601 295 1659 divitiis
310 1601 361 1658 soli
377 1601 534 1661 incubuere
549 1603 676 1679 repertis,
885 1623 924 1662 610

56 1703 112 1740 nec
128 1699 239 1758 partem
254 1703 373 1759 posuere
388 1682 454 1751 suis,
469 1704 541 1760 quae
557 1684 679 1741 maxima
695 1685 777 1743 turba
793 1701 844 1752 est,

56 1763 166 1840 quique
181 1762 219 1819 ob
232 1763 403 1820 adulterium
418 1763 501 1834 caesi,
518 1763 624 1841 quique
639 1785 715 1821 arma
729 1765 818 1822 secuti

58 1845 150 1919 inpia,
165 1863 220 1900 nec
236 1842 318 1900 veriti
334 1843 515 1901 dominorum
532 1845 629 1902 fallere
645 1845 766 1915 dextras,

56 1924 162 1982 inclusi
178 1943 301 2000 poenam
317 1938 494 1998 exspectant.
537 1945 573 1981 ne
589 1946 692 2002 quaere
707 1926 801 1983 doceri

57 2025 145 2083 quam
160 2024 294 2080 poenam,
309 2019 356 2061 aut
373 2024 445 2080 quae
461 2005 550 2061 forma
565 2005 637 2062 viros
653 2005 800 2062 fortunave
816 2007 921 2063 mersit.

57 2105 158 2142 saxum
173 2085 273 2158 ingens
288 2085 409 2142 volvunt
423 2085 480 2155 alii,
496 2085 614 2142 radiisve
629 2102 754 2144 rotarum

56 2165 180 2223 districti
197 2164 344 2240 pendent;
365 2165 444 2222 sedet
459 2181 664 2243 aeternumque
680 2167 787 2224 sedebit

57 2246 162 2303 infelix
178 2245 309 2302 Theseus
323 2269 332 2314 ;
355 2245 549 2322 Phlegyasque
564 2246 737 2303 miserrimus
752 2268 850 2303 omnes

57 2326 207 2395 admonet,
222 2341 250 2383 et
264 2346 367 2400 magna
383 2341 501 2383 testatur
516 2347 586 2382 voce
602 2348 651 2402 per
667 2327 777 2384 umbras
792 2349 798 2384 :

29 2407 159 2464 “discite
175 2405 313 2463 iustitiam
328 2405 431 2462 moniti
447 2422 475 2462 et
491 2427 548 2462 non
565 2423 691 2464 temnere
706 2406 810 2466 divos.''
886 2428 923 2465 620

58 2487 190 2544 vendidit
204 2486 251 2543 hic
268 2507 334 2542 auro
349 2485 479 2561 patriam,
496 2487 703 2564 dominumque
719 2505 866 2563 potentem

59 2567 196 2643 inposuit,
212 2566 273 2623 fixit
289 2567 363 2642 leges
377 2566 470 2642 precio
486 2582 570 2642 atque
586 2568 701 2637 refixit;

58 2649 105 2704 hic
122 2648 282 2705 thalamum
297 2647 401 2704 invasit
416 2662 500 2703 natae
516 2647 674 2724 vetitosque
690 2651 859 2724 hymenaeos
875 2674 881 2707 :

58 2729 116 2784 ausi
132 2748 232 2784 omnes
247 2728 362 2785 inmane
377 2728 465 2798 nefas,
482 2749 605 2803 ausoque
620 2729 711 2803 potiti.

59 2829 126 2878 non,
142 2808 213 2864 mihi
229 2808 251 2865 si
267 2809 379 2883 linguae
395 2824 512 2865 centum
528 2808 584 2865 sint
599 2829 702 2885 oraque
719 2828 846 2879 centum,

58 2890 149 2946 ferrea
166 2910 232 2958 vox,
246 2910 345 2946 omnes
361 2890 499 2946 scelerum
517 2892 721 2966 comprendere
738 2892 849 2961 formae,

58 2970 154 3027 omnia
170 2991 325 3046 poenarum
340 2990 502 3046 percurrere
518 2973 636 3028 nomina
651 2971 772 3047 possim)

98 3052 169 3107 haec
185 3050 234 3106 ubi
250 3050 326 3107 dicta
342 3051 420 3108 dedit
437 3052 544 3108 Phoebi
561 3052 698 3125 longaeva
713 3054 837 3109 sacerdos
853 3076 858 3110 :

39 3131 106 3187 ‘sed
120 3131 179 3187 iam
194 3151 252 3205 age,
269 3151 352 3206 carpe
367 3131 454 3200 viam,
467 3148 494 3189 et
509 3148 673 3207 susceptum
689 3132 792 3207 perfice
808 3153 921 3189 munus.

86 3235 132 3286 port
149 3225 194 3270 601
208 3223 303 3286 fortasse
315 3223 394 3272 excidit
411 3241 492 3273 versus.
526 3225 572 3271 602
589 3240 640 3289 quo.
675 3225 722 3283 604
737 3233 850 3284 paternae.

59 3308 145 3350 V0L01
822 3309 839 3348 l(
