2002 3614
289 157 465 241 ¹litaturos
482 191 544 241 ms.
562 191 600 239 ur

10 304 15 375 l
62 330 80 372 et
90 321 134 376 nati
149 336 279 378 natorum
295 319 388 396 etqui
405 336 558 377 nascentur
574 320 699 378 abillis!

10 388 13 449 l
60 395 108 456 haec
121 401 244 459 Phoebus
258 426 267 470 3
290 399 438 477 mixtoque
453 401 554 475 ingens
571 417 668 457 exorta
685 402 810 458 tumultu

10 516 12 551 Ξ
60 475 145 552 laetitia,
159 498 187 539 et
202 481 303 540 cuncti
319 502 391 558 quae
407 481 462 538 sint
479 502 511 538 ea
526 481 639 538 moenia
655 497 804 557 quaerunt,
859 511 896 538 100

10 586 12 601 ι
59 576 97 632 quo
110 562 232 620 Phoebus
247 577 333 619 vocet
349 576 475 619 errantes
491 562 646 638 iubeatque
662 561 775 619 reverti.

60 651 101 696 tum
112 643 227 716 genitor,
243 658 375 699 veterum
391 643 510 699 volvens
526 642 706 698 monimenta
720 641 855 714 virorum,

47 717 136 792 ‘audite
150 744 167 779 o
182 721 333 798 proceres‚'
348 723 397 793 ait,
415 728 461 779 ‘et
477 743 539 799 spes
555 723 657 780 discite
672 739 786 780 vestras.

59 797 121 859 Creta
133 804 207 860 lovis
223 803 319 877 magni
336 803 432 860 medio
449 803 523 860 iacet
539 803 631 860 insula
647 819 746 878 ponto,

58 896 115 938 mons
127 885 227 941 Idaeus
243 884 291 941 ubi
309 899 338 940 et
353 884 446 957 gentis
462 885 605 940 cunabula
622 900 743 940 nostrae.

57 977 147 1020 centum
162 964 245 1021 urbes
261 964 394 1020 habitant
411 985 535 1038 magnas,
552 964 695 1021 uberrima
710 985 815 1039 regna3

58 1043 168 1101 maximus
184 1045 261 1101 unde
277 1061 367 1120 pater,
384 1044 405 1100 si
423 1045 476 1101 rite
493 1045 589 1101 audita
605 1045 747 1115 recordor,

58 1117 160 1181 Teucrus
175 1125 321 1182 Rhoeteas
337 1125 463 1200 primum
481 1140 522 1182 est
537 1124 673 1181 advectus
687 1126 722 1183 ad
734 1146 794 1181 oras

58 1204 194 1283 optavitque
210 1206 308 1262 locum
324 1225 423 1280 regno.
466 1205 597 1261 nondum
613 1204 700 1261 Ilium
717 1221 745 1261 et
760 1226 835 1262 arces

59 1277 199 1358 Pergameae
216 1300 376 1352 steterant;
396 1285 567 1343 habitabant
582 1285 704 1342 vallibus
719 1285 792 1342 imis.
861 1315 897 1342 110

58 1359 105 1421 hinc
118 1366 212 1425 Mater
227 1365 334 1424 cultrix
352 1365 457 1441 Cybeli
474 1366 709 1442 Corybantiaque
725 1386 789 1422 aera

59 1439 206 1524 Idaeumque
222 1467 344 1513 nemus;
366 1448 434 1504 hinc
451 1447 506 1503 fida
522 1447 635 1503 silentia
651 1445 743 1517 saeris,

59 1524 164 1586 etiuncti
180 1546 296 1586 currum
312 1526 448 1584 dominae
464 1526 576 1584 subiere
592 1528 699 1584 leones.

60 1619 105 1678 ergo
115 1608 194 1684 agite,
211 1623 249 1678 et,
265 1607 362 1664 divom
378 1607 490 1665 ducunt
504 1628 559 1684 qua
575 1607 655 1678 iussa,
671 1627 822 1684 sequamur
831 1632 840 1674 ;

59 1682 175 1754 placemus
190 1703 293 1747 ventos
309 1703 337 1745 et
354 1687 464 1744 Gnosia
481 1709 567 1762 regna
582 1704 721 1764 petamus.

60 1778 96 1822 nec
108 1769 185 1844 longo
200 1769 310 1828 distant
325 1789 426 1825 cursu:
449 1768 535 1825 modo
550 1768 683 1844 Iuppiter
697 1768 779 1838 adsit,

10 1840 16 1913 l
61 1847 119 1904 tertia
130 1851 177 1907 lux
193 1850 313 1907 classem
330 1848 460 1906 Cretaeis
476 1849 555 1905 sistet
570 1848 599 1904 in
616 1848 690 1905 oris)

60 1920 85 1980 sle
96 1927 159 1988 fatus
174 1929 293 1987 meritos
308 1929 362 1985 aris
378 1929 515 1986 mactavit
529 1931 661 1999 honores,

60 2014 143 2067 laurum
158 2011 310 2086 Neptuno,
327 2024 440 2066 taurum
457 2009 519 2080 tibi,
535 2010 657 2086 pulcher
671 2009 788 2085 Apollo,

60 2082 141 2159 nigram
153 2090 254 2148 Hiemi
267 2090 419 2166 pecudem,
432 2090 576 2166 Zephyris
589 2090 721 2147 felicibus
734 2091 838 2148 albam.
860 2121 896 2146 120

85 2167 146 2227 fama
159 2172 238 2228 volat
252 2172 368 2247 pulsum
384 2170 476 2244 regnis
493 2171 606 2227 cessisse
621 2171 746 2246 paternis

60 2239 187 2309 Idomenea
203 2252 317 2322 ducem,
333 2245 503 2327 desertaque
519 2251 602 2307 litora
619 2253 733 2321 Cretae,

60 2321 117 2412 hoste
128 2353 227 2390 vacare
242 2332 352 2402 domos,
369 2332 506 2408 sedesque
522 2332 632 2388 adstare
648 2332 769 2389 relictae.

61 2399 188 2485 liquimus
205 2413 345 2490 Ortygiae
360 2430 458 2489 portus
472 2413 631 2489 pelagoque
646 2413 785 2481 volamus,

61 2479 257 2571 bacchatamque
272 2493 344 2568 iugis
360 2493 466 2550 Naxon
482 2493 661 2568 viridemque
677 2493 835 2563 Donusam,

62 2563 160 2630 Olearon
176 2575 349 2651 niveamque
366 2573 457 2629 Paron
473 2594 636 2649 sparsasque
651 2595 702 2648 per
717 2594 822 2650 aequor

63 2642 172 2720 Cycladas
188 2671 216 2712 et
232 2654 339 2712 crebris
355 2653 474 2727 legimus
490 2655 562 2710 freta
579 2654 692 2709 concita
709 2654 798 2710 terris.

65 2731 162 2791 natticus
176 2735 303 2794 exoritur
318 2733 395 2790 vario
411 2734 569 2791 certamine
586 2735 711 2801 clamor;

65 2801 181 2873 hortantur
195 2816 266 2874 socii
284 2815 402 2872 Cretam
417 2836 594 2891 proavosque
609 2831 747 2890 petamus,

66 2896 210 2970 Prosequitur
225 2916 343 2970 surgens
360 2916 375 2951 a
390 2896 479 2971 puppi
495 2911 597 2952 ventus
613 2911 722 2964 euntes,
861 2924 897 2959 130

68 2978 86 3018 ⁰1
96 2974 190 3034 tandem
206 2974 335 3053 antiquis
351 2975 492 3032 Curetum
508 2975 667 3033 adlabimur
682 2975 745 3031 oris.

68 3060 112 3117 0¹80
123 3056 207 3116 avidus
222 3078 322 3115 muros
338 3072 452 3131 optatae
468 3057 570 3112 molior
586 3055 661 3111 urbis

10 3146 14 3263 Ἰ
69 3118 273 3216 Perganeamque
288 3157 371 3206 voc0‚
389 3152 416 3192 et
432 3137 535 3193 laetam
552 3134 724 3209 cognomine
739 3152 854 3208 gentem

71 3293 78 3324 ι
263 3245 305 3276 111
327 3229 433 3289 Cybelae.
470 3244 512 3288 127
531 3229 626 3275 consita.

10 3310 13 3315 ·
77 3294 111 3339 'Oh
122 3308 128 3342 1
798 3310 812 3346 Ε
