2002 3614
72 179 85 222 8

342 183 367 227 P
386 143 526 228 VERGILl
545 181 701 228 MARONIS

110 311 165 366 hoc
181 309 313 387 equidem
328 330 459 367 occasum
476 309 578 367 Troiae
594 310 741 387 tristesque
757 311 851 369 ruinas

111 390 217 446 solabar
232 390 294 447 fatis
309 391 447 448 contraria
462 392 517 447 fata
531 390 762 466 rependens;

111 491 189 528 nunc
206 471 304 528 cadem
319 471 472 528 fortuna'
447 492 519 528 vrros
534 488 575 528 tot
591 471 699 528 casibus
715 488 791 529 actos

111 549 278 627 insequitur.
320 572 406 643 quem
421 553 468 609 das
483 552 580 621 finem,
595 572 643 608 rex
660 572 770 625 magne,
787 554 927 610 laborum?

110 632 241 688 Antenor
255 633 348 708 potuit
363 632 462 688 mediis
477 633 585 708 elapsus
600 633 718 689 Achivis

110 703 241 785 Illyricos
255 728 401 788 penetrare
417 713 493 769 sinus
509 729 591 790 atque
607 713 708 771 intima
723 730 800 771 tutus

110 813 196 866 regna
211 792 414 882 Liburnorum
419 808 447 849 et
462 794 571 850 fontem
587 814 715 870 superare
732 794 859 865 Timavi,

110 873 186 929 unde
202 894 251 948 per
265 894 311 929 ora
326 848 429 930 noverit
444 889 521 930 vasto
536 895 603 931 cum
618 895 763 931 murmure
779 875 883 933 montis

109 954 130 1010 it
146 974 221 1010 mare
237 944 409 1030 proruptum
412 970 447 1010 et
462 955 561 1030 pelago
575 955 678 1032 premit
694 976 758 1012 arva
773 955 892 1014 sonanti.

109 1035 155 1092 hic
173 1051 266 1092 tamen
282 1033 331 1091 ille
347 1036 445 1091 urbem
463 1035 556 1092 Patavi
573 1033 705 1113 sedesque
721 1028 827 1093 locavit

110 1114 299 1185 Teucrorum,
316 1132 343 1172 et
357 1116 435 1189 genti
451 1136 556 1173 nomen
572 1116 649 1173 dedit
664 1137 808 1208 armaque·
812 1117 874 1174 lixit

110 1196 207 1263 Troia,
224 1215 301 1253 nunc
317 1196 427 1272 placida
442 1212 604 1272 compostus
618 1217 688 1273 pace
703 1196 844 1274 quiescit:

108 1297 168 1344 nos,
184 1293 232 1333 tua
245 1277 401 1353 progenies,
418 1277 488 1334 caeli
504 1277 606 1354 quibus
620 1276 718 1335 adnuis
733 1298 837 1348 arcem,
927 1305 934 1330 r

110 1356 419 1414 navibus—infandum
434 1358 599 1427 l—amissis,
615 1358 697 1415 unius
711 1358 748 1415 ob
763 1358 834 1415 iram

108 1437 255 1513 prodimur
270 1454 353 1514 atque
368 1438 447 1494 Italis
463 1439 547 1513 longe
563 1438 750 1513 disiungimur
764 1440 828 1497 oris.

109 1517 154 1574 hic
171 1518 282 1593 pietatis
298 1520 409 1575 honos?
451 1519 488 1576 sic
505 1539 556 1575 nos
570 1519 600 1575 in
617 1535 725 1594 sceptra
739 1520 853 1594 reponis
864 1519 889 1577 ?'

149 1599 198 1655 olli
214 1598 360 1655 subridens
375 1599 527 1656 hominum
542 1616 614 1656 sator
629 1615 712 1676 atque
727 1599 845 1657 deorum

108 1680 156 1735 vul
173 1700 198 1747 u,
236 1700 272 1735 uo
286 1680 398 1736 caelum
414 1695 649 1757 tempestatesque
664 1695 782 1749 serenat,

109 1780 176 1816 oscu
233 1759 321 1816 rbavit
336 1776 425 1827 natae,
442 1760 546 1817 dehinc
563 1760 628 1817 talia
642 1761 736 1817 fatur:

88 1847 190 1915 ‘parce
206 1856 293 1908 metu,
288 1831 474 1914 Cytherea:
496 1857 613 1897 manent
628 1840 736 1896 inmota
751 1858 866 1899 tuorum

108 1921 164 1977 fata
180 1920 254 1989 tibi3
275 1941 372 1976 cernes
388 1921 487 1978 urbem
502 1937 530 1978 et
545 1921 678 1997 promissa
693 1921 795 1978 Lavini

108 2000 228 2070 moenia,
245 2001 453 2077 sublimemque
469 2002 541 2059 feres
557 2002 590 2059 ad
606 2002 694 2058 sidera
709 2001 780 2058 caeli

108 2082 322 2156 magnanimum
337 2082 455 2138 Aenean
470 2107 478 2152 3
500 2103 593 2160 neque
609 2103 654 2138 me
670 2083 810 2140 sententia
825 2084 919 2142 vertit.

107 2163 154 2218 hic
185 2162 373 2220 tibi—fabor
401 2163 489 2233 enim,
518 2164 631 2241 quando
664 2165 732 2220 haec
767 2179 795 2220 te
831 2185 899 2222 cura
925 2186 934 2220 1

188 2244 310 2314 mordet,

107 2324 219 2409 longius
234 2341 261 2381 et
276 2325 394 2382 volvens
408 2325 531 2382 fatorum
547 2346 647 2382 arcana
661 2325 823 2382 movebo—

107 2397 239 2463 belluri't
232 2426 332 2480 ingens
347 2422 426 2481 geret
441 2407 524 2462 Italia
539 2407 713 2497 populosque
730 2406 838 2463 feroces

107 2485 276 2555 contundet,
291 2506 438 2562 moresque
453 2487 519 2543 viris
534 2503 562 2543 et
577 2486 689 2543 moenia
703 2502 801 2561 ponet,

107 2565 189 2622 tertia
203 2530 276 2632 duni
287 2566 370 2623 Latio
385 2584 551 2640 regnantem
568 2567 670 2624 viderit
684 2583 771 2623 aestas

107 2661 242 2723 ternaque
258 2646 421 2704 transierint
437 2647 553 2704 Rutulis
567 2647 685 2704 hiberna
699 2647 831 2745 subactis

107 2742 134 2782 at
149 2747 219 2801 puer
233 2728 383 2796 Ascanius,
398 2727 444 2785 cui
461 2748 538 2784 nunc
555 2747 713 2819 cognomen
729 2715 796 2785 Iulo

106 2806 320 2863 additur—llus
335 2824 403 2876 erat,
418 2808 486 2864 dum
501 2829 543 2864 res
560 2808 637 2865 stetit
651 2808 705 2864 Ilia
719 2828 848 2883 regno—-

107 2886 222 2960 triginta
236 2907 352 2962 magnos
367 2889 512 2945 volvendis
528 2889 672 2945 mensibus
687 2889 767 2945 orbes

103 2966 227 3046 'imperio
242 2968 379 3044 explebit,
394 2989 571 3046 regnumque
587 2969 622 3025 ab
635 2969 700 3025 sede
716 2969 818 3026 Lavini

106 3049 265 3117 transferet,
280 3066 308 3106 et
325 3049 437 3123 longam
452 3050 543 3106 multa
556 3049 584 3105 vi
600 3050 710 3106 muniet
725 3050 839 3107 Albam.

106 3127 152 3184 hic
168 3127 223 3185 iam
239 3145 282 3186 ter
297 3145 415 3186 centum
430 3145 502 3187 totos
517 3130 679 3204 regnabitur
694 3151 781 3186 annos

106 3225 191 3282 gente
206 3209 258 3266 sub
274 3210 427 3278 Hectorea,
442 3211 532 3268 donec
548 3210 645 3284 regina
660 3210 785 3266 sacerdos
