2002 3614
312 177 479 224 AENEIDOS
497 178 559 224 LIB.
577 179 588 224 1

73 301 130 364 ducit
140 307 347 364 Amazonidum
363 306 466 363 lunatis
482 307 592 380 agmina
606 308 688 383 peltis
867 339 905 377 490

72 381 223 445 Penthesilea
237 389 343 457 furens,
361 387 517 464 mediisque
533 387 562 443 in
578 388 693 445 milibus
708 389 793 458 ardet,

66 485 131 524 aurea
144 469 311 526 subnectens
328 484 452 525 exsertae
468 468 583 543 cingula
598 489 747 538 mammae,

65 545 186 620 bellatrix,
200 550 341 627 audetque
357 549 422 605 viris
438 569 606 606 concurrere
621 549 757 637 virgo(

93 631 155 688 haec
169 631 237 688 dum
251 630 399 688 Dardanio
413 631 528 686 Aeneae
543 650 633 686 mrran
655 651 670 686 a
684 630 827 700 videntur,

57 709 117 767 dum
131 727 220 787 stupet
235 712 395 788 obtutuque
411 711 506 767 haeret
521 710 629 766 defixus
644 710 674 766 in
691 732 755 780 uno,

56 791 141 864 regina
155 792 188 849 ad
202 793 354 868 templum,
369 780 665 926 formpspulcherrima
679 791 764 859 Dido,

56 871 160 930 incessit
174 893 273 946 magna
287 873 426 929 iuvenum
454 872 561 947 tipante
577 878 696 929 caterva.

55 952 136 1028 qualis
150 953 178 1009 in
193 954 315 1010 Eurotae
331 952 397 1028 ripis
413 968 459 1009 aut
474 973 524 1027 per
539 952 603 1027 iuga
619 952 727 1027 Cynthi

57 1050 160 1090 exercet
174 1033 266 1090 Diana
281 1026 401 1115 choros(
406 1053 490 1110 quam
506 1033 585 1089 mille
600 1049 712 1090 secutae

59 1112 118 1171 hinc
132 1129 212 1191 atque
227 1114 295 1170 hinc
311 1114 504 1187 glomerantur
516 1114 663 1182 Oreades3
682 1114 732 1170 illa
746 1118 905 1190 pharetram

61 1194 107 1250 lert
119 1214 222 1263 umero,
237 1194 423 1271 gradiensque
437 1195 501 1250 deas
517 1195 708 1269 supereminet
723 1216 821 1252 omnes
835 1221 843 1265 ;
869 1227 904 1263 501

64 1273 170 1332 Latonae
185 1275 303 1332 tacitum
318 1291 509 1351 pertemptant
525 1275 758 1351 gaudiapectus:

65 1354 115 1410 talis
127 1371 182 1413 erat
196 1356 282 1425 Did0,
299 1356 386 1412 talem
400 1375 429 1411 se
444 1355 516 1412 laeta
531 1356 638 1413 ferebat

69 1441 106 1507 per
117 1436 225 1504 medios,
242 1437 349 1508 instans
364 1436 441 1511 operi
457 1435 604 1512 regnisque
620 1437 731 1494 futuris.

10 1540 12 1549 =
72 1529 116 1571 tun
129 1517 228 1574 foribus
244 1504 336 1586 divae,
351 1517 444 1573 media
459 1517 600 1574 testudine
616 1518 725 1593 templi,

73 1613 143 1671 saepta
155 1598 245 1666 armis,
261 1597 387 1674 solioque
403 1598 458 1654 alte
473 1597 592 1654 subnixa
606 1598 718 1656 resedit.

75 1672 116 1732 iura
127 1678 203 1735 dabat
218 1679 350 1755 legesque
366 1677 439 1747 viris,
455 1698 629 1755 operumque
645 1679 770 1736 laborem

77 1757 171 1826 partibus
185 1759 323 1836 aequabat
337 1758 416 1816 iustis
432 1775 478 1816 aut
493 1775 565 1816 sorte
582 1759 708 1816 trahebat
720 1783 729 1826 ;

29 1872 32 1879 -
77 1840 220 1897 consubito
234 1841 348 1896 Aeneas
363 1859 503 1896 concursu
520 1840 653 1897 accedere
669 1860 770 1914 magno

77 1914 162 1976 Anthea
173 1922 390 1997 Sergestumque
403 1920 479 1978 videt
490 1921 649 1997 fortemque
663 1920 848 1989 Cloanthum,
871 1951 909 1986 510

78 1992 284 2079 Teucrorumque
299 2001 376 2069 alios,
392 2015 450 2058 ater
465 2021 534 2078 quos
549 2021 668 2078 aequore
684 2002 765 2058 turbo

78 2073 199 2152 dispulerat
214 2081 385 2158 penitusque
401 2081 465 2138 alias
481 2098 610 2139 avexerat
625 2103 693 2140 oras.

11 2231 12 2235 Ἰ
77 2155 183 2236 obstipuit
197 2162 281 2219 simul
297 2161 356 2238 ipse
372 2161 455 2219 simul
471 2183 617 2238 percussus
632 2163 756 2219 Achates

78 2233 209 2319 laetitiaque
225 2259 382 2320 metuque:
404 2243 477 2299 avidi
493 2243 666 2317 coniungere
681 2243 791 2300 dextras

78 2317 191 2392 ardebant,
206 2324 256 2381 sed
270 2342 313 2380 res
329 2322 435 2379 animos
451 2323 596 2397 incognita
611 2324 713 2382 turbat.

16 2452 20 2473 Ι
78 2395 224 2461 dissimulant
238 2419 267 2462 et
281 2403 359 2461 nube
374 2423 441 2460 cava
455 2405 638 2479 speculantur
652 2405 757 2474 amicti,

16 2488 19 2545 j
78 2495 126 2551 qtae
138 2483 248 2542 fortuna
262 2484 337 2552 viris,
353 2484 469 2541 classem
484 2505 541 2560 quo
557 2485 638 2540 litore
654 2485 795 2562 linquant,

78 2559 126 2631 quid
136 2565 268 2622 veniant:
291 2564 403 2636 cunctis
417 2585 483 2621 nam
499 2564 566 2621 lecti
584 2565 701 2621 navibus
716 2566 795 2622 ibant

79 2655 161 2701 orantes
175 2645 296 2714 veniam,
313 2660 341 2702 et
356 2647 496 2722 templum
512 2646 635 2702 clamore
651 2647 794 2721 petebant.

106 2740 237 2802 postquam
252 2726 411 2806 intmgrespi
427 2742 455 2783 et
470 2747 564 2784 coram
580 2727 643 2799 data
658 2727 737 2802 copia
753 2727 841 2796 fandi,
874 2755 911 2791 φο

17 2842 20 2847 .
80 2804 187 2864 maximus
203 2807 331 2864 Ilioneus
346 2806 457 2882 placido
472 2807 510 2863 sic
527 2824 641 2882 pectore
657 2807 771 2882 coepit:

63 2879 181 2958 ι0111111,
198 2907 301 2944 novam
317 2887 364 2944 cui
380 2888 501 2944 condere
517 2888 646 2964 Iuppiter
662 2887 760 2944 urbem

18 3000 21 3033 ἱ
36 2954 43 2976 ‘
79 2957 209 3045 iustitiaque
224 2968 305 3025 dedit
319 2983 416 3041 gentes
431 2969 540 3025 frenare
556 2969 694 3044 superbas,

80 3037 141 3106 Troes
156 3067 182 3107 te
197 3048 304 3118 miseri,
321 3049 412 3105 ventis
426 3049 513 3106 maria
527 3050 622 3105 omnia
637 3048 722 3115 vecti,

80 3138 178 3187 Oranus:
201 3129 321 3207 prohibe
337 3129 465 3186 infandos
482 3151 496 3185 a
511 3131 628 3186 navibus
644 3130 729 3204 ignes,

18 3298 25 3322 Ι
63 3296 117 3568 s
255 3239 303 3288 513
318 3229 440 3290 perculsus.
509 3228 556 3292 518
576 3230 664 3279 cuncti.
