2002 3614
330 213 494 262 Arnnuos
513 215 574 282 ma.
591 215 616 263 11

60 363 184 419 spumeus
200 358 286 420 atque
301 343 360 400 imo
375 344 485 402 Nereus
502 344 558 402 ciet
573 365 692 422 aequora
707 346 800 406 fundo.

59 422 94 480 illi
109 424 205 493 etiam,
223 425 245 481 si
261 445 332 501 quos
347 425 464 482 obscura
479 441 563 482 nocte
578 447 627 501 per
642 426 770 484 umbram
881 457 919 494 ρο

58 504 176 561 fudimus
192 504 311 573 insidiis,
328 520 440 582 totaque
456 505 621 580 agitavimus
636 506 715 577 urbe,

57 601 211 660 apparent;
233 585 317 661 primi
334 586 439 661 clipeos
454 586 629 664 mentitaque
645 588 700 644 tela

56 665 241 740 adgnoscunt,
255 682 339 743 atque
354 688 401 722 ora
415 687 483 723 sono
498 667 637 724 discordia
651 668 771 742 signant.

56 745 129 803 ilicet
144 746 296 803 obruimur
311 767 450 804 numero:
471 747 633 824 primusque
649 749 796 807 Coroebus

56 826 169 883 Penele'r'
184 827 284 883 dextra
299 827 378 883 divae
392 828 587 903 armipotentis
602 829 636 885 ad
650 849 725 886 aram

54 907 215 983 procumbit
229 931 238 976 ;
259 907 334 965 cadit
349 923 376 964 et
392 908 528 985 Rhipeus,
543 908 707 967 iustissimus
723 930 794 967 unus

55 987 97 1064 qui
115 987 170 1044 fuit
186 988 216 1044 in
233 988 356 1044 Teucris
372 1003 400 1045 et
415 989 637 1046 servantissimus
652 990 776 1068 aequi-

55 1069 91 1124 dis
107 1068 189 1125 aliter
204 1067 459 1145 visum-pereunt
474 1070 661 1147 Hypanisque
676 1071 847 1148 Dymasque,

56 1148 156 1205 confixi
174 1169 190 1205 a
205 1148 287 1205 sociis
301 1173 309 1218 ;
331 1169 384 1206 nec
401 1165 427 1207 te
443 1166 490 1206 tua
505 1150 636 1227 plurima,
653 1151 773 1219 Panthu,
849 1166 853 1171 ·

55 1228 196 1286 labentem
211 1229 310 1304 pietas,
325 1249 379 1286 nec
394 1230 537 1306 Apollinis
552 1231 643 1288 infula
658 1231 737 1289 texit.
878 1261 917 1299 ⁴³0

55 1309 131 1366 Iliaci
148 1309 269 1379 cineres,
286 1326 313 1367 et
328 1309 440 1366 flamma
456 1326 581 1368 extrema
596 1332 734 1381 meorum,

55 1404 147 1458 testor,
162 1389 193 1445 in
209 1410 311 1447 occasu
327 1407 419 1447 vestro
433 1410 486 1448 nec
503 1392 559 1448 tela
574 1412 627 1448 nec
643 1393 713 1449 ullas

55 1469 181 1527 vitavisse
196 1470 274 1526 vices
288 1470 431 1540 Danaum,
446 1487 483 1540 et,
499 1472 520 1529 si
536 1472 591 1528 fata
606 1473 724 1529 fuissent

55 1566 82 1608 ut
96 1551 241 1620 caderem,
256 1551 389 1632 meruisse
405 1571 500 1609 manu.
543 1553 705 1610 divellimur
719 1552 795 1623 inde,

56 1631 163 1707 Iphitus
179 1646 208 1688 et
225 1631 315 1688 Pelias
329 1652 453 1703 mecum,
468 1652 589 1709 quorum
604 1633 715 1710 Iphitus
731 1653 798 1690 aevo

55 1710 105 1768 iam
120 1711 242 1787 gravior,
259 1712 349 1769 Pelias
363 1728 392 1770 et
406 1713 524 1770 vulnere
539 1714 634 1771 tardus
649 1713 732 1771 Ulixi
746 1739 755 1783 ;

55 1793 180 1866 protinus
195 1792 231 1849 ad
245 1792 323 1849 sedes
339 1792 442 1850 Priami
458 1794 581 1850 clamore
597 1794 699 1852 vocati.

55 1873 97 1930 hic
113 1893 182 1930 vero
197 1872 344 1946 ingentem
358 1893 493 1950 pugnam,
509 1894 560 1931 ceu
577 1891 670 1933 cetera
684 1895 822 1953 nusquam

56 1952 125 2010 bella
140 1953 246 2023 forent,
261 1953 334 2010 nulli
350 1969 407 2011 tota
422 1971 600 2012 morerentur
615 1955 644 2012 in
660 1956 739 2025 urbe,

54 2033 88 2090 sic
104 2035 234 2092 Martem
249 2032 430 2102 indomitum,
446 2034 615 2112 Danaosque
630 2035 664 2092 ad
679 2052 754 2093 tecta
769 2052 882 2094 ruentes

55 2116 203 2184 cernimus,
219 2114 418 2191 obsessumque
433 2131 494 2172 acta
509 2116 650 2173 testudine
665 2116 763 2174 limen.
875 2146 912 2183 441
974 2173 977 2178 ,

55 2196 167 2253 haerent
183 2194 337 2272 parietibus
353 2196 450 2263 scalae,
466 2212 612 2274 postesque
627 2196 679 2253 sub
693 2196 766 2272 ipsos

55 2277 183 2334 nituntur
196 2275 335 2350 gradibus,
352 2276 515 2353 clipeosque
530 2277 564 2333 ad
578 2278 633 2334 tela
648 2277 765 2334 sinistris

55 2358 170 2431 protecti
187 2356 328 2426 obiciunt,
343 2372 477 2433 prensant
491 2357 599 2431 fastigia
613 2358 728 2414 dextris.

56 2437 231 2495 Dardanidae
247 2453 345 2494 contra
361 2453 450 2494 turres
465 2457 496 2494 ac
513 2454 588 2495 tecta
602 2437 750 2495 domorum

57 2519 177 2576 culmina
192 2519 383 2575 convellunt:
406 2518 447 2574 his
463 2539 499 2588 se,
516 2519 628 2595 quando
644 2519 742 2575 ultima
758 2533 890 2587 cernunt,

57 2616 177 2656 extrema
192 2599 249 2656 iam
264 2598 294 2655 in
310 2615 401 2656 morte
417 2615 515 2674 parant
529 2599 682 2655 defendere
697 2599 781 2664 telis3

58 2697 212 2756 auratasque
230 2678 328 2745 trabes,
345 2695 473 2736 veterum
488 2680 590 2736 decora
605 2680 660 2737 alta
673 2696 832 2755 parentum,

59 2759 205 2817 devolvunt
220 2782 226 2817 :
250 2759 297 2815 alii
313 2759 415 2817 strictis
430 2760 613 2816 mucronibus
628 2760 696 2816 imas

59 2839 183 2898 obsedere
198 2841 273 2897 fores
287 2864 295 2908 3
316 2841 364 2896 has
379 2857 491 2897 servant
506 2840 617 2913 agmine
633 2841 728 2898 denso.
874 2867 912 2904 450

61 2917 193 2978 instaurati
210 2920 309 2989 animi,
324 2920 395 2993 regis
411 2941 572 2977 succurrere
588 2921 679 2989 tectis,

63 3001 211 3078 auxilioque
228 3001 322 3057 levare
337 3001 421 3070 viros,
436 3001 550 3077 vimque
566 3002 666 3058 addere
682 3000 773 3058 victis.

94 3081 178 3138 limen
194 3096 254 3138 erat
270 3101 425 3157 caecaeque
441 3082 513 3137 fores
529 3098 557 3139 et
572 3082 684 3157 pervius
699 3101 763 3137 usus

66 3172 190 3219 tectorum
205 3163 281 3218 inter
296 3181 323 3217 se
340 3161 452 3230 Priami,
468 3178 615 3237 postesque
631 3161 722 3218 relicti

312 3267 357 3316 445
376 3263 433 3301 tota,
499 3255 545 3314 448
564 3254 611 3300 illa.
