2002 3614
344 190 370 236 Ρ.
389 190 528 237 VERGILI
548 192 702 239 MARONIS

111 337 188 374 nunc
206 317 357 375 Phoenissa
372 334 451 376 tenet
466 320 545 376 Dido
560 320 727 397 blandisque
742 340 867 381 moratur
932 339 951 378 ε

110 398 247 465 vocibus;
269 414 297 456 et
312 419 419 468 vereor,
434 421 490 477 quo
505 420 533 457 se
547 400 672 458 Iunonia
686 418 799 460 vertant

109 469 250 554 hospitia'3
271 480 347 536 haud
361 496 440 537 tanto
455 481 574 538 cessabit
589 482 702 539 cardine
717 503 823 542 rerum

108 559 241 650 quocirca
256 580 355 636 capere
370 577 435 618 ante
451 561 522 618 dolis
538 578 566 619 et
581 562 696 654 cingere
711 562 825 622 flamma

108 639 234 712 reginam
250 641 381 711 meditor,
397 663 433 699 ne
449 664 506 720 quo
521 663 549 700 se
565 643 683 700 numine
699 661 801 715 mutet,

108 721 155 777 sed
170 741 273 795 magno
287 723 402 779 Aeneae
420 744 534 780 mecum
550 739 679 781 teneatur
693 745 797 782 amore.

107 823 162 878 qua
177 802 269 858 facere
284 803 313 861 id
328 803 422 879 possis
441 821 564 861 nostram
580 824 657 861 nunc
674 805 772 882 accipe
787 822 919 864 mentem

107 879 199 956 regius
214 883 307 940 accitu
324 884 379 941 cari
396 885 531 959 genitoris
546 885 581 942 ad
596 885 695 942 urbem

108 964 252 1020 Sidoniam
267 985 337 1039 puer
353 965 392 1021 ire
408 982 494 1041 parat,
511 986 573 1022 mea
588 966 711 1022 maxima
726 987 802 1037 cura,

106 1044 181 1101 dona
195 1045 288 1101 ferens
303 1046 404 1122 pelago
420 1062 448 1103 et
463 1045 584 1103 flammis
600 1047 732 1104 restantia
747 1048 851 1105 Troiae
864 1073 873 1116 ;

106 1126 184 1182 hunc
201 1145 252 1200 ego
266 1126 390 1202 sopitum
407 1147 505 1184 somno
521 1147 603 1202 super
617 1127 672 1184 alta
688 1126 814 1202 Cythera
928 1143 951 1181 ε

107 1222 154 1262 aut
169 1227 251 1282 super
266 1206 390 1263 Idalium
407 1224 511 1285 sacrata
526 1207 591 1265 sede
607 1207 768 1278 recondam,

107 1307 142 1343 ne
158 1308 213 1363 qua
227 1287 297 1344 scire
312 1288 390 1344 dolos
407 1288 553 1344 mediusve
569 1308 716 1346 occurrere
731 1290 828 1365 possit.

106 1384 136 1424 tu
153 1367 254 1424 faciem
269 1367 346 1424 illius
362 1383 480 1425 noctem
497 1389 554 1424 non
570 1368 690 1444 amplius
706 1389 792 1426 unam

106 1449 173 1505 falle
187 1449 253 1504 dolo
267 1465 302 1505 et·
311 1465 391 1506 notos
407 1449 487 1525 pueri
502 1470 573 1525 puer
587 1449 674 1506 indue
689 1450 794 1520 vultus,

107 1545 147 1598 ut,
162 1548 229 1585 cum
244 1545 272 1586 re
286 1529 393 1604 gremio
409 1529 531 1606 accipiet
546 1529 695 1587 laetissima
710 1530 788 1588 Dido

106 1610 210 1684 regales
224 1609 299 1667 inter
314 1631 423 1667 mensas
441 1610 612 1687 laticemque
627 1610 765 1686 Lyaeum,

106 1710 173 1747 cum
187 1690 265 1747 dabit
270 1691 427 1782 amplexus
442 1707 526 1768 atque
542 1691 638 1749 oscula
651 1691 748 1748 dulcia
762 1691 838 1796 figet,

22 1827 25 1833 ,
105 1770 276 1828 occultum
269 1771 387 1847 rnspires
403 1771 498 1846 ignem
515 1771 651 1862 fallasque
666 1771 798 1831 veneno?
812 1787 819 1825 ι

104 1867 183 1927 paret
198 1852 287 1908 Amor
301 1851 384 1908 dictis
400 1872 478 1908 carae
494 1852 654 1926 genetricis,
670 1867 698 1910 et
713 1839 804 1910 alas‘*

106 1932 184 1988 exuit
200 1946 227 1989 et
241 1951 332 2006 gressu
348 1933 472 2006 gaudens
487 1932 596 1990 incedit
611 1933 678 1990 Iuli.
925 1945 951 1986 6

105 2029 132 2070 at
147 2014 246 2069 Venus
262 2013 384 2069 Ascanio
398 2013 539 2090 placidam
555 2033 604 2089 per
619 2014 746 2070 membra
761 2013 884 2093 quietem

104 2093 214 2167 inrigat,
230 2110 259 2150 et
273 2094 365 2151 fotum
380 2094 487 2168 gremio
502 2094 555 2150 dea
570 2093 646 2151 tollit
661 2095 691 2150 in
706 2095 776 2152 altos

105 2174 209 2231 ldaliae
225 2175 312 2242 lucos,
328 2173 376 2231 ubi
392 2174 485 2232 mollis
500 2194 642 2231 amaracus
657 2174 740 2231 illum

104 2254 218 2311 floribus
233 2271 261 2311 et
275 2255 353 2312 dulci
370 2255 511 2332 adspirans
527 2255 729 2331 complectitur
744 2256 851 2312 umbra.

145 2335 256 2412 iamque
271 2335 329 2392 ibat
344 2336 420 2392 dicto
435 2356 535 2412 parens
551 2352 579 2393 et
594 2336 668 2393 dona
684 2335 798 2412 Cupido

104 2415 177 2489 regia
192 2416 318 2491 portabat
333 2416 429 2491 Tyriis
444 2417 517 2473 duce
533 2418 622 2473 laetus
637 2417 757 2474 Achate.

104 2517 171 2553 cum
187 2496 275 2565 venit,
290 2496 392 2553 aulaeis
407 2497 462 2553 iam
478 2517 506 2553 se
522 2497 616 2570 regina
631 2497 757 2572 superbis

104 2597 185 2633 aurea
200 2577 358 2652 composuit
373 2578 479 2654 sponda
495 2577 674 2654 mediamque
690 2575 794 2634 locavit
808 2601 816 2644 ;

104 2657 159 2714 iam
174 2672 252 2733 pater
267 2657 377 2714 Aeneas
393 2675 421 2716 et
437 2659 492 2714 iam
509 2658 635 2713 Troiana
649 2658 782 2715 iuventus

104 2737 289 2805 conveniunt,
306 2753 446 2815 stratoque
463 2759 546 2814 super
561 2737 749 2795 discumbitur
763 2751 846 2794 ostro.
925 2758 951 2801 γε

102 2818 171 2874 dant
185 2817 315 2875 manibus
330 2819 428 2875 famuli
445 2820 582 2895 lymphas,
600 2818 792 2894 Cereremque
807 2815 931 2874 canistris

103 2898 267 2975 expediunt,
284 2898 426 2976 tonsisque
443 2900 539 2955 ferunt
554 2899 688 2955 mantelia
702 2898 786 2956 villis.

103 2978 307 3056 quinquaginta
322 2979 398 3036 intus
414 2979 544 3047 famulae,
560 2979 663 3056 quibus
678 2978 776 3036 ordine
791 2979 903 3052 longam

102 3079 169 3116 cura
184 3079 290 3135 penum
306 3075 411 3117 struere
427 3076 455 3116 et
470 3059 590 3116 flammis
604 3059 715 3115 adolere
732 3059 849 3115 Penates
862 3083 870 3126 ;
925 3097 930 3107 ι

102 3155 220 3197 centum
236 3140 304 3197 aliae
320 3140 495 3216 totidemque
510 3159 588 3215 pares
602 3154 691 3196 aetate
705 3138 838 3207 ministri,

256 3233 304 3295 670
320 3231 394 3282 hunc.
430 3247 474 3294 701
494 3232 603 3278 famulae.
636 3244 683 3292 703
700 3233 775 3290 longo.
