2002 3614
71 183 100 229 28

342 184 368 229 P.
386 181 526 229 VERGILI
545 181 701 228 MARONIS

112 311 272 386 corripuere
287 330 393 367 sacram
407 310 537 384 effigiem,
553 309 743 386 manibusque
758 308 883 367 cruentis

113 390 248 464 virgineas
263 391 321 447 ausi
337 390 416 447 divae
432 390 599 464 contingere
614 389 698 448 vittas
712 415 720 459 3

112 492 147 527 ex
163 471 213 527 illo
228 470 315 528 fluere
331 491 361 528 ac
378 468 453 528 retro
468 471 594 547 sublapsa
609 471 707 527 referri

111 572 173 628 spes
187 551 320 608 Danaum
334 576 342 620 ;
365 552 468 609 fractae
483 552 565 621 vires,
580 567 674 608 aversa
688 550 757 608 deae
773 571 864 608 mens.
925 575 946 614 17¹

112 652 165 688 nec
181 632 273 688 dubiis
288 653 320 688 ea
334 632 413 707 signa
427 632 505 690 dedit
521 632 655 689 Tritonia
670 631 813 689 monstris.

112 712 158 767 vix
174 712 297 787 positum
312 713 408 769 castris
422 713 626 771 simulacrum:
649 732 740 770 arsere
756 731 888 769 coruscae

112 792 269 850 luminibus
284 792 413 850 flammae
429 793 552 862 arrectis,
567 794 708 870 salsusque
723 813 775 869 per
790 808 864 850 artus

99 873 195 931 sudor
210 873 253 943 iit,
268 890 365 951 terque
381 874 439 950 ipsa
454 873 683 931 solo—mirabile
698 873 823 930 dictu-

112 954 241 1023 emicuit,
255 975 438 1032 parmamque
454 955 546 1011 ferens
560 957 725 1031 hastamque
741 969 916 1012 trementem.

113 1035 259 1111 extemplo
274 1035 438 1111 temptanda
453 1035 518 1110 fuga
533 1035 610 1092 canit
625 1055 746 1112 aequora
762 1033 903 1102 Calchas;

113 1135 166 1172 nec
182 1136 260 1190 posse
275 1116 415 1190 Argolicis
431 1115 557 1173 exscindi
575 1116 709 1189 Pergama
724 1114 799 1184 telis,

113 1196 208 1253 omina
223 1196 252 1252 ni
268 1212 396 1272 repetant
410 1196 503 1270 Argis,
518 1216 684 1273 numenque
699 1195 850 1265 reducant,

113 1277 189 1353 quod
203 1276 301 1351 pelago
316 1293 344 1334 et
359 1276 453 1334 curvis
468 1296 564 1334 secum
580 1296 698 1333 avexere
714 1275 828 1333 carinis.

113 1372 141 1413 et
157 1377 246 1425 nunc,
260 1357 336 1434 quod
350 1357 451 1432 patrias
465 1372 552 1415 vento
566 1357 673 1433 petiere
690 1357 844 1432 Mycenas,
930 1369 946 1408 u

114 1457 188 1493 arma
202 1437 325 1514 deosque
340 1454 438 1514 parant
453 1437 583 1507 comites,
598 1438 755 1514 pelagoque
770 1456 900 1494 remenso

99 1571 100 1574 ,
113 1516 248 1592 inprovisi
264 1518 392 1576 aderunt.
434 1518 473 1575 ita
487 1517 588 1592 digerit
602 1517 698 1575 omina
714 1517 847 1577 Calchas.

113 1600 185 1655 hanc
202 1618 253 1672 pro
268 1598 392 1656 Palladio
407 1598 517 1668 moniti,
533 1619 584 1674 pro
599 1598 720 1654 numine
736 1598 812 1654 laeso

114 1678 234 1750 effigiem
249 1695 380 1748 statuere,
395 1680 472 1735 nefas
488 1699 558 1754 quae
574 1679 651 1736 triste
666 1678 777 1754 piaret:

113 1761 187 1814 hanc
203 1776 298 1816 tamen
313 1759 471 1815 inmensam
487 1759 607 1816 Calchas
623 1759 752 1816 attollere
767 1759 876 1816 molem

114 1838 259 1896 roboribus
275 1839 368 1908 textis,
384 1840 518 1916 caeloque
535 1840 655 1896 educere
670 1838 760 1908 iussit,

114 1940 150 1976 ne
166 1919 255 1996 recipi
270 1919 366 1995 portis,
381 1935 428 1977 aut
443 1919 532 1976 duci
525 1940 555 1975 tn
571 1919 684 1976 moenia
699 1919 795 2010 possit,

114 2020 170 2055 neu
186 2001 324 2091 populum
340 1999 454 2076 antiqua
469 2000 521 2056 sub
536 1999 673 2074 religione
689 1999 773 2057 tueri.

114 2101 181 2136 nam
196 2081 217 2136 si
234 2098 322 2138 vestra
337 2100 436 2137 manus
451 2080 580 2136 violasset
595 2080 668 2136 dona
685 2080 846 2149 Minervae,

114 2177 176 2217 tum
205 2181 339 2235 magnum
372 2160 619 2238 exitium—quod
653 2159 680 2216 di
714 2160 792 2236 prius
826 2178 909 2217 omen
935 2154 946 2209 il

195 2262 286 2316 ipsum
932 2262 946 2301 u

115 2338 280 2378 convertant
294 2322 448 2379 l-Priami
464 2321 584 2397 imperio
597 2321 811 2398 Phrygibusque
827 2321 943 2378 futurum

115 2403 157 2457 sin
174 2403 302 2458 manibus
318 2403 414 2460 vestris
431 2420 550 2459 vestram
565 2401 735 2459 ascendisset
750 2402 781 2458 in
798 2402 906 2468 urbem,
936 2457 940 2464 ,

116 2482 190 2537 ultro
205 2483 301 2538 Asiam
318 2503 420 2557 magno
437 2483 558 2557 Pelopea
573 2483 608 2538 ad
622 2482 736 2539 moenia
751 2482 830 2539 bello

116 2579 273 2629 venturam,
291 2580 318 2619 et
334 2579 441 2620 nostros
456 2585 488 2620 ea
503 2564 559 2619 fata
574 2583 688 2619 manere
704 2561 843 2638 nepotes'

116 2641 218 2698 talibus
233 2642 339 2699 insidiis
354 2644 516 2720 periurique
532 2660 589 2700 arte
607 2643 720 2700 Sinonis

116 2723 224 2778 credita
239 2744 290 2790 res,
307 2724 438 2800 captique
453 2724 525 2780 dolis
540 2724 720 2800 lacrimisque
736 2723 851 2792 coactis,

116 2823 185 2878 quos
200 2823 293 2879 neque
310 2804 447 2878 Tydides,
463 2825 516 2861 nec
533 2804 691 2861 Larissaeus
705 2804 846 2871 Achilles,

118 2902 174 2938 non
189 2883 255 2939 anni
271 2883 404 2940 domuere
420 2885 529 2951 decem,
546 2905 604 2941 non
620 2885 700 2941 mille
716 2884 838 2942 carinae.
868 2891 870 2896 '

157 2962 204 3019 hie
220 2963 297 3019 aliud
312 2965 399 3020 maius
415 2965 521 3021 miseris
536 2965 685 3041 multoque
701 2965 885 3022 tremendum

117 3043 240 3101 obicitur
256 3044 351 3116 magis,
366 3061 449 3121 atque
465 3045 614 3120 inprovida
628 3061 743 3121 pectora
759 3047 863 3103 turbat.
937 3070 946 3097 2

118 3123 260 3192 Laocoon,
276 3125 378 3180 ductus
393 3125 534 3201 Neptuno
548 3141 621 3183 sorte
637 3126 774 3194 sacerdos,

456 3217 498 3278 187
517 3227 601 3278 posset.
