<?xml version="1.0" encoding="UTF-8"?>
<!DOCTYPE html PUBLIC "-//W3C//DTD XHTML 1.0 Transitional//EN"
    "http://www.w3.org/TR/xhtml1/DTD/xhtml1-transitional.dtd">
<html xmlns="http://www.w3.org/1999/xhtml" xml:lang="en" lang="en">
 <head>
  <title>
</title>
<meta http-equiv="Content-Type" content="text/html;charset=utf-8" />
  <meta name='ocr-system' content='tesseract 3.04.00' />
  <meta name='ocr-capabilities' content='ocr_page ocr_carea ocr_par ocr_line ocrx_word'/>
</head>
<body>
  <div class='ocr_page' id='page_1' title='image "aeneidvirgilboo00pagegoog_0167.png"; bbox 0 0 2002 3614; ppageno 0'>
   <div class='ocr_carea' id='block_1_1' title="bbox 80 189 516 246">
    <p class='ocr_par' dir='ltr' id='par_1_1' title="bbox 80 189 516 246">
     <span class='ocr_line' id='line_1_1' title="bbox 80 189 516 246; baseline 0.014 -15"><span class='ocrx_word' id='word_1_1' title='bbox 80 200 123 246; x_wconf 83' lang='lat'>132</span> <span class='ocrx_word' id='word_1_2' title='bbox 344 190 370 237; x_wconf 72' lang='grc' dir='ltr'>Ρ.</span> <span class='ocrx_word' id='word_1_3' title='bbox 388 189 516 238; x_wconf 74' lang='lat' dir='ltr'>varon</span> 
     </span>
    </p>
   </div>
   <div class='ocr_carea' id='block_1_2' title="bbox 97 319 983 3194">
    <p class='ocr_par' dir='ltr' id='par_1_2' title="bbox 97 319 983 3194">
     <span class='ocr_line' id='line_1_2' title="bbox 157 319 758 380; baseline 0.007 -5"><span class='ocrx_word' id='word_1_4' title='bbox 157 320 266 377; x_wconf 92' lang='lat' dir='ltr'>interea</span> <span class='ocrx_word' id='word_1_5' title='bbox 282 319 361 377; x_wconf 91' lang='lat' dir='ltr'>videt</span> <span class='ocrx_word' id='word_1_6' title='bbox 374 321 488 378; x_wconf 82' lang='lat' dir='ltr'>Aeneas</span> <span class='ocrx_word' id='word_1_7' title='bbox 502 321 534 378; x_wconf 93' lang='lat' dir='ltr'>in</span> <span class='ocrx_word' id='word_1_8' title='bbox 548 320 624 378; x_wconf 87' lang='lat' dir='ltr'>valle</span> <span class='ocrx_word' id='word_1_9' title='bbox 638 321 758 380; x_wconf 89' lang='lat' dir='ltr'>reducta</span> 
     </span>
     <span class='ocr_line' id='line_1_3' title="bbox 117 399 818 476; baseline 0.006 -20"><span class='ocrx_word' id='word_1_10' title='bbox 117 399 260 457; x_wconf 90' lang='lat' dir='ltr'>seclusum</span> <span class='ocrx_word' id='word_1_11' title='bbox 276 421 376 457; x_wconf 90' lang='lat' dir='ltr'>nemus</span> <span class='ocrx_word' id='word_1_12' title='bbox 393 415 421 458; x_wconf 94' lang='lat' dir='ltr'>et</span> <span class='ocrx_word' id='word_1_13' title='bbox 435 401 558 476; x_wconf 89' lang='lat' dir='ltr'>virgulta</span> <span class='ocrx_word' id='word_1_14' title='bbox 573 401 705 458; x_wconf 86' lang='lat' dir='ltr'>sonantia</span> <span class='ocrx_word' id='word_1_15' title='bbox 720 402 818 473; x_wconf 89' lang='lat' dir='ltr'>silvae,</span> 
     </span>
     <span class='ocr_line' id='line_1_4' title="bbox 117 481 964 558; baseline 0.005 -20"><span class='ocrx_word' id='word_1_16' title='bbox 117 481 336 557; x_wconf 91' lang='lat' dir='ltr'>Lethaeumque</span> <span class='ocrx_word' id='word_1_17' title='bbox 351 481 450 538; x_wconf 91' lang='lat' dir='ltr'>domos</span> <span class='ocrx_word' id='word_1_18' title='bbox 465 481 592 558; x_wconf 88' lang='lat' dir='ltr'>placidas</span> <span class='ocrx_word' id='word_1_19' title='bbox 607 481 657 558; x_wconf 92' lang='lat' dir='ltr'>qui</span> <span class='ocrx_word' id='word_1_20' title='bbox 672 497 822 558; x_wconf 87' lang='lat' dir='ltr'>praenatat</span> <span class='ocrx_word' id='word_1_21' title='bbox 838 503 964 543; x_wconf 88' lang='lat' dir='ltr'>amnem.</span> 
     </span>
     <span class='ocr_line' id='line_1_5' title="bbox 116 561 963 639; baseline 0.007 -22"><span class='ocrx_word' id='word_1_22' title='bbox 116 562 194 619; x_wconf 93' lang='lat' dir='ltr'>hunc</span> <span class='ocrx_word' id='word_1_23' title='bbox 209 561 318 618; x_wconf 92' lang='lat' dir='ltr'>circum</span> <span class='ocrx_word' id='word_1_24' title='bbox 333 561 501 620; x_wconf 86' lang='lat' dir='ltr'><strong>innumerae</strong></span> <span class='ocrx_word' id='word_1_25' title='bbox 516 578 615 637; x_wconf 87' lang='lat' dir='ltr'><strong>gentes</strong></span> <span class='ocrx_word' id='word_1_26' title='bbox 629 562 789 639; x_wconf 86' lang='lat' dir='ltr'>populique</span> <span class='ocrx_word' id='word_1_27' title='bbox 805 565 963 632; x_wconf 85' lang='lat' dir='ltr'>volabant3</span> 
     </span>
     <span class='ocr_line' id='line_1_6' title="bbox 117 639 775 719; baseline 0.005 -21"><span class='ocrx_word' id='word_1_28' title='bbox 117 663 148 698; x_wconf 90' lang='lat' dir='ltr'>ac</span> <span class='ocrx_word' id='word_1_29' title='bbox 161 639 245 699; x_wconf 80' lang='lat' dir='ltr'>&#39;velut</span> <span class='ocrx_word' id='word_1_30' title='bbox 260 642 290 699; x_wconf 94' lang='lat' dir='ltr'>in</span> <span class='ocrx_word' id='word_1_31' title='bbox 305 642 393 719; x_wconf 89' lang='lat' dir='ltr'>pratis</span> <span class='ocrx_word' id='word_1_32' title='bbox 409 643 458 700; x_wconf 91' lang='lat' dir='ltr'>ubi</span> <span class='ocrx_word' id='word_1_33' title='bbox 474 664 539 719; x_wconf 89' lang='lat' dir='ltr'>apes</span> <span class='ocrx_word' id='word_1_34' title='bbox 555 658 662 700; x_wconf 87' lang='lat' dir='ltr'>aestate</span> <span class='ocrx_word' id='word_1_35' title='bbox 677 663 775 701; x_wconf 90' lang='lat' dir='ltr'>serena</span> 
     </span>
     <span class='ocr_line' id='line_1_7' title="bbox 116 722 791 794; baseline 0.003 -16"><span class='ocrx_word' id='word_1_36' title='bbox 116 722 232 779; x_wconf 87' lang='lat' dir='ltr'>floribus</span> <span class='ocrx_word' id='word_1_37' title='bbox 247 722 377 780; x_wconf 87' lang='lat' dir='ltr'>insidunt</span> <span class='ocrx_word' id='word_1_38' title='bbox 391 723 484 794; x_wconf 88' lang='lat' dir='ltr'>variis,</span> <span class='ocrx_word' id='word_1_39' title='bbox 501 740 529 780; x_wconf 91' lang='lat' dir='ltr'>et</span> <span class='ocrx_word' id='word_1_40' title='bbox 544 723 667 780; x_wconf 90' lang='lat' dir='ltr'>candida</span> <span class='ocrx_word' id='word_1_41' title='bbox 682 723 791 782; x_wconf 91' lang='lat' dir='ltr'>circum</span> 
     </span>
     <span class='ocr_line' id='line_1_8' title="bbox 117 803 907 881; baseline 0.008 -23"><span class='ocrx_word' id='word_1_42' title='bbox 117 803 178 860; x_wconf 92' lang='lat' dir='ltr'>lilia</span> <span class='ocrx_word' id='word_1_43' title='bbox 194 803 374 874; x_wconf 81' lang='lat' dir='ltr'>funduntur3</span> <span class='ocrx_word' id='word_1_44' title='bbox 395 804 495 880; x_wconf 86' lang='lat' dir='ltr'>strepit</span> <span class='ocrx_word' id='word_1_45' title='bbox 509 804 602 860; x_wconf 92' lang='lat' dir='ltr'>omnis</span> <span class='ocrx_word' id='word_1_46' title='bbox 618 825 762 861; x_wconf 90' lang='lat' dir='ltr'>murmure</span> <span class='ocrx_word' id='word_1_47' title='bbox 777 825 907 881; x_wconf 88' lang='lat' dir='ltr'>campus.</span> 
     </span>
     <span class='ocr_line' id='line_1_9' title="bbox 116 884 982 962; baseline 0.003 -22"><span class='ocrx_word' id='word_1_48' title='bbox 116 884 254 941; x_wconf 84' lang='lat' dir='ltr'>horrescit</span> <span class='ocrx_word' id='word_1_49' title='bbox 269 885 329 941; x_wconf 90' lang='lat' dir='ltr'>visu</span> <span class='ocrx_word' id='word_1_50' title='bbox 346 884 441 941; x_wconf 91' lang='lat' dir='ltr'>subito</span> <span class='ocrx_word' id='word_1_51' title='bbox 456 905 611 962; x_wconf 85' lang='lat' dir='ltr'>causasque</span> <span class='ocrx_word' id='word_1_52' title='bbox 625 884 744 962; x_wconf 86' lang='lat' dir='ltr'>requirit</span> <span class='ocrx_word' id='word_1_53' title='bbox 946 916 982 954; x_wconf 86' lang='lat'>710</span> 
     </span>
     <span class='ocr_line' id='line_1_10' title="bbox 117 963 808 1042; baseline 0.001 -22"><span class='ocrx_word' id='word_1_54' title='bbox 117 964 223 1021; x_wconf 90' lang='lat' dir='ltr'>inscius</span> <span class='ocrx_word' id='word_1_55' title='bbox 237 965 359 1035; x_wconf 89' lang='lat' dir='ltr'>Aeneas,</span> <span class='ocrx_word' id='word_1_56' title='bbox 375 986 447 1042; x_wconf 94' lang='lat' dir='ltr'>quae</span> <span class='ocrx_word' id='word_1_57' title='bbox 463 963 519 1022; x_wconf 90' lang='lat' dir='ltr'>sint</span> <span class='ocrx_word' id='word_1_58' title='bbox 535 985 567 1022; x_wconf 90' lang='lat' dir='ltr'>ea</span> <span class='ocrx_word' id='word_1_59' title='bbox 582 964 702 1022; x_wconf 89' lang='lat' dir='ltr'>flumina</span> <span class='ocrx_word' id='word_1_60' title='bbox 716 986 808 1040; x_wconf 90' lang='lat' dir='ltr'>porro,</span> 
     </span>
     <span class='ocr_line' id='line_1_11' title="bbox 117 1044 779 1121; baseline 0.003 -21"><span class='ocrx_word' id='word_1_61' title='bbox 117 1044 202 1121; x_wconf 93' lang='lat' dir='ltr'>quive</span> <span class='ocrx_word' id='word_1_62' title='bbox 216 1045 268 1101; x_wconf 87' lang='lat' dir='ltr'>viri</span> <span class='ocrx_word' id='word_1_63' title='bbox 284 1060 365 1102; x_wconf 90' lang='lat' dir='ltr'>tanto</span> <span class='ocrx_word' id='word_1_64' title='bbox 380 1045 553 1121; x_wconf 90' lang='lat' dir='ltr'>complerint</span> <span class='ocrx_word' id='word_1_65' title='bbox 568 1045 680 1119; x_wconf 88' lang='lat' dir='ltr'>agmine</span> <span class='ocrx_word' id='word_1_66' title='bbox 696 1045 779 1121; x_wconf 89' lang='lat' dir='ltr'>ripas.</span> 
     </span>
     <span class='ocr_line' id='line_1_12' title="bbox 118 1125 907 1203; baseline 0.004 -22"><span class='ocrx_word' id='word_1_67' title='bbox 118 1139 180 1181; x_wconf 92' lang='lat' dir='ltr'>tum</span> <span class='ocrx_word' id='word_1_68' title='bbox 194 1140 275 1201; x_wconf 92' lang='lat' dir='ltr'>pater</span> <span class='ocrx_word' id='word_1_69' title='bbox 289 1125 448 1183; x_wconf 85' lang='lat' dir='ltr'>Anchises:</span> <span class='ocrx_word' id='word_1_70' title='bbox 472 1125 608 1195; x_wconf 91' lang='lat' dir='ltr'>‘animae,</span> <span class='ocrx_word' id='word_1_71' title='bbox 624 1126 726 1203; x_wconf 88' lang='lat' dir='ltr'>quibus</span> <span class='ocrx_word' id='word_1_72' title='bbox 742 1126 831 1183; x_wconf 88' lang='lat' dir='ltr'>altera</span> <span class='ocrx_word' id='word_1_73' title='bbox 846 1127 907 1184; x_wconf 88' lang='lat' dir='ltr'>fato</span> 
     </span>
     <span class='ocr_line' id='line_1_13' title="bbox 117 1205 854 1281; baseline 0.001 -20"><span class='ocrx_word' id='word_1_74' title='bbox 117 1226 235 1281; x_wconf 91' lang='lat' dir='ltr'>corpora</span> <span class='ocrx_word' id='word_1_75' title='bbox 250 1206 399 1276; x_wconf 87' lang='lat' dir='ltr'>debentur,</span> <span class='ocrx_word' id='word_1_76' title='bbox 416 1205 537 1263; x_wconf 88' lang='lat' dir='ltr'>Lethaei</span> <span class='ocrx_word' id='word_1_77' title='bbox 553 1206 589 1263; x_wconf 95' lang='lat' dir='ltr'>ad</span> <span class='ocrx_word' id='word_1_78' title='bbox 603 1205 730 1262; x_wconf 88' lang='lat' dir='ltr'>fluminis</span> <span class='ocrx_word' id='word_1_79' title='bbox 746 1206 854 1263; x_wconf 91' lang='lat' dir='ltr'>undam</span> 
     </span>
     <span class='ocr_line' id='line_1_14' title="bbox 104 1285 734 1362; baseline 0 -19"><span class='ocrx_word' id='word_1_80' title='bbox 104 1306 228 1353; x_wconf 78' lang='lat' dir='ltr'>¹securos</span> <span class='ocrx_word' id='word_1_81' title='bbox 244 1286 342 1343; x_wconf 90' lang='lat' dir='ltr'>latices</span> <span class='ocrx_word' id='word_1_82' title='bbox 358 1301 387 1342; x_wconf 90' lang='lat' dir='ltr'>et</span> <span class='ocrx_word' id='word_1_83' title='bbox 402 1285 486 1360; x_wconf 90' lang='lat' dir='ltr'>longa</span> <span class='ocrx_word' id='word_1_84' title='bbox 501 1285 607 1343; x_wconf 91' lang='lat' dir='ltr'>oblivia</span> <span class='ocrx_word' id='word_1_85' title='bbox 622 1300 734 1362; x_wconf 88' lang='lat' dir='ltr'>potant.</span> 
     </span>
     <span class='ocr_line' id='line_1_15' title="bbox 116 1366 948 1443; baseline 0 -19"><span class='ocrx_word' id='word_1_86' title='bbox 116 1368 165 1424; x_wconf 93' lang='lat' dir='ltr'>has</span> <span class='ocrx_word' id='word_1_87' title='bbox 182 1366 316 1443; x_wconf 90' lang='lat' dir='ltr'>equidem</span> <span class='ocrx_word' id='word_1_88' title='bbox 331 1386 488 1423; x_wconf 88' lang='lat' dir='ltr'>memorare</span> <span class='ocrx_word' id='word_1_89' title='bbox 503 1366 556 1423; x_wconf 95' lang='lat' dir='ltr'>tibi</span> <span class='ocrx_word' id='word_1_90' title='bbox 572 1382 657 1443; x_wconf 91' lang='lat' dir='ltr'>atque</span> <span class='ocrx_word' id='word_1_91' title='bbox 673 1366 825 1424; x_wconf 88' lang='lat' dir='ltr'>ostendere</span> <span class='ocrx_word' id='word_1_92' title='bbox 840 1388 948 1437; x_wconf 90' lang='lat' dir='ltr'>coram,</span> 
     </span>
     <span class='ocr_line' id='line_1_16' title="bbox 116 1447 947 1524; baseline 0.001 -20"><span class='ocrx_word' id='word_1_93' title='bbox 116 1447 285 1523; x_wconf 87' lang='lat' dir='ltr'>iampridem</span> <span class='ocrx_word' id='word_1_94' title='bbox 299 1448 373 1504; x_wconf 90' lang='lat' dir='ltr'>hanc</span> <span class='ocrx_word' id='word_1_95' title='bbox 389 1447 499 1523; x_wconf 90' lang='lat' dir='ltr'>prolem</span> <span class='ocrx_word' id='word_1_96' title='bbox 515 1447 601 1524; x_wconf 92' lang='lat' dir='ltr'>cupio</span> <span class='ocrx_word' id='word_1_97' title='bbox 616 1467 783 1504; x_wconf 91' lang='lat' dir='ltr'>enumerare</span> <span class='ocrx_word' id='word_1_98' title='bbox 798 1467 947 1505; x_wconf 90' lang='lat' dir='ltr'>meorum:</span> 
     </span>
     <span class='ocr_line' id='line_1_17' title="bbox 117 1525 769 1605; baseline -0.002 -21"><span class='ocrx_word' id='word_1_99' title='bbox 117 1549 174 1605; x_wconf 93' lang='lat' dir='ltr'>quo</span> <span class='ocrx_word' id='word_1_100' title='bbox 188 1527 276 1602; x_wconf 88' lang='lat' dir='ltr'>magis</span> <span class='ocrx_word' id='word_1_101' title='bbox 292 1527 375 1584; x_wconf 92' lang='lat' dir='ltr'>Italia</span> <span class='ocrx_word' id='word_1_102' title='bbox 389 1547 503 1585; x_wconf 91' lang='lat' dir='ltr'>mecum</span> <span class='ocrx_word' id='word_1_103' title='bbox 519 1527 625 1584; x_wconf 87' lang='lat' dir='ltr'>laetere</span> <span class='ocrx_word' id='word_1_104' title='bbox 639 1525 769 1603; x_wconf 66' lang='lat' dir='ltr'>reperta!</span> 
     </span>
     <span class='ocr_line' id='line_1_18' title="bbox 98 1606 982 1685; baseline 0 -20"><span class='ocrx_word' id='word_1_105' title='bbox 98 1613 134 1665; x_wconf 84' lang='lat' dir='ltr'>‘o</span> <span class='ocrx_word' id='word_1_106' title='bbox 148 1623 237 1684; x_wconf 89' lang='lat' dir='ltr'>pater,</span> <span class='ocrx_word' id='word_1_107' title='bbox 254 1628 328 1666; x_wconf 91' lang='lat' dir='ltr'>anne</span> <span class='ocrx_word' id='word_1_108' title='bbox 346 1607 453 1685; x_wconf 88' lang='lat' dir='ltr'>aliquas</span> <span class='ocrx_word' id='word_1_109' title='bbox 474 1607 510 1665; x_wconf 91' lang='lat' dir='ltr'>ad</span> <span class='ocrx_word' id='word_1_110' title='bbox 530 1607 642 1665; x_wconf 90' lang='lat' dir='ltr'>caelum</span> <span class='ocrx_word' id='word_1_111' title='bbox 663 1607 732 1665; x_wconf 93' lang='lat' dir='ltr'>hinc</span> <span class='ocrx_word' id='word_1_112' title='bbox 754 1606 796 1665; x_wconf 91' lang='lat' dir='ltr'>ire</span> <span class='ocrx_word' id='word_1_113' title='bbox 818 1609 982 1684; x_wconf 90' lang='lat' dir='ltr'>putandum</span> 
     </span>
     <span class='ocr_line' id='line_1_19' title="bbox 200 1703 241 1746; baseline -0.024 0"><span class='ocrx_word' id='word_1_114' title='bbox 200 1703 241 1746; x_wconf 76' lang='lat' dir='ltr'>est</span> 
     </span>
     <span class='ocr_line' id='line_1_20' title="bbox 117 1766 983 1860; baseline 0 -34"><span class='ocrx_word' id='word_1_115' title='bbox 117 1769 253 1826; x_wconf 88' lang='lat' dir='ltr'>sublimes</span> <span class='ocrx_word' id='word_1_116' title='bbox 268 1769 386 1838; x_wconf 89' lang='lat' dir='ltr'>animas,</span> <span class='ocrx_word' id='word_1_117' title='bbox 401 1768 562 1860; x_wconf 89' lang='lat' dir='ltr'>iterumque</span> <span class='ocrx_word' id='word_1_118' title='bbox 578 1766 608 1825; x_wconf 94' lang='lat' dir='ltr'>in</span> <span class='ocrx_word' id='word_1_119' title='bbox 623 1768 702 1826; x_wconf 93' lang='lat' dir='ltr'>tarda</span> <span class='ocrx_word' id='word_1_120' title='bbox 717 1768 821 1826; x_wconf 80' lang='lat' dir='ltr'>r&#39;everti</span> <span class='ocrx_word' id='word_1_121' title='bbox 944 1801 983 1837; x_wconf 85' lang='lat'>720</span> 
     </span>
     <span class='ocr_line' id='line_1_21' title="bbox 117 1848 864 1927; baseline -0.001 -20"><span class='ocrx_word' id='word_1_122' title='bbox 117 1853 254 1925; x_wconf 87' lang='lat' dir='ltr'>corpora?</span> <span class='ocrx_word' id='word_1_123' title='bbox 275 1871 348 1927; x_wconf 91' lang='lat' dir='ltr'>quae</span> <span class='ocrx_word' id='word_1_124' title='bbox 363 1849 435 1907; x_wconf 91' lang='lat' dir='ltr'>lucis</span> <span class='ocrx_word' id='word_1_125' title='bbox 451 1849 560 1906; x_wconf 89' lang='lat' dir='ltr'>miseris</span> <span class='ocrx_word' id='word_1_126' title='bbox 576 1866 634 1907; x_wconf 90' lang='lat' dir='ltr'>tam</span> <span class='ocrx_word' id='word_1_127' title='bbox 649 1849 711 1906; x_wconf 88' lang='lat' dir='ltr'>dira</span> <span class='ocrx_word' id='word_1_128' title='bbox 726 1848 864 1926; x_wconf 58' lang='lat' dir='ltr'>cupido?</span> 
     </span>
     <span class='ocr_line' id='line_1_22' title="bbox 97 1930 929 2022; baseline 0 -35"><span class='ocrx_word' id='word_1_129' title='bbox 97 1931 211 1987; x_wconf 90' lang='lat' dir='ltr'>‘dicam</span> <span class='ocrx_word' id='word_1_130' title='bbox 212 1931 372 2022; x_wconf 85' lang='lat' dir='ltr'>equidem,</span> <span class='ocrx_word' id='word_1_131' title='bbox 387 1950 440 1987; x_wconf 93' lang='lat' dir='ltr'>nec</span> <span class='ocrx_word' id='word_1_132' title='bbox 456 1946 484 1987; x_wconf 94' lang='lat' dir='ltr'>te</span> <span class='ocrx_word' id='word_1_133' title='bbox 499 1950 677 2006; x_wconf 91' lang='lat' dir='ltr'>suspensum,</span> <span class='ocrx_word' id='word_1_134' title='bbox 694 1945 772 1999; x_wconf 89' lang='lat' dir='ltr'>nate,</span> <span class='ocrx_word' id='word_1_135' title='bbox 788 1930 929 2021; x_wconf 82' lang='lat' dir='ltr'>tenebo&#39;·</span> <span class='ocrx_word' id='word_1_136' title='bbox 921 1955 929 1999; x_wconf 86' lang='lat'>3</span> 
     </span>
     <span class='ocr_line' id='line_1_23' title="bbox 116 2009 728 2068; baseline -0.003 0"><span class='ocrx_word' id='word_1_137' title='bbox 116 2032 177 2068; x_wconf 90' lang='lat' dir='ltr'>susc</span> <span class='ocrx_word' id='word_1_138' title='bbox 198 2038 206 2061; x_wconf 86' lang='lat'><strong>·</strong></span> <span class='ocrx_word' id='word_1_139' title='bbox 253 2024 288 2067; x_wconf 72' lang='lat' dir='ltr'>t·</span> <span class='ocrx_word' id='word_1_140' title='bbox 319 2011 386 2068; x_wconf 90' lang='lat' dir='ltr'>ises</span> <span class='ocrx_word' id='word_1_141' title='bbox 402 2025 487 2068; x_wconf 89' lang='lat' dir='ltr'>atue</span> <span class='ocrx_word' id='word_1_142' title='bbox 502 2009 637 2068; x_wconf 90' lang='lat' dir='ltr'>ordine</span> <span class='ocrx_word' id='word_1_143' title='bbox 617 2031 673 2066; x_wconf 84' lang='lat' dir='ltr'>sin·</span> <span class='ocrx_word' id='word_1_144' title='bbox 713 2031 728 2066; x_wconf 93' lang='lat' dir='ltr'>a</span> 
     </span>
     <span class='ocr_line' id='line_1_24' title="bbox 159 2090 947 2168; baseline 0.001 -21.022"><span class='ocrx_word' id='word_1_145' title='bbox 159 2091 319 2168; x_wconf 88' lang='lat' dir='ltr'>‘principio</span> <span class='ocrx_word' id='word_1_146' title='bbox 334 2113 384 2148; x_wconf 91' lang='lat' dir='ltr'>cae</span> <span class='ocrx_word' id='word_1_147' title='bbox 399 2111 447 2147; x_wconf 92' lang='lat' dir='ltr'>um</span> <span class='ocrx_word' id='word_1_148' title='bbox 462 2111 494 2148; x_wconf 93' lang='lat' dir='ltr'>ac</span> <span class='ocrx_word' id='word_1_149' title='bbox 510 2107 597 2148; x_wconf 90' lang='lat' dir='ltr'>terras</span> <span class='ocrx_word' id='word_1_150' title='bbox 612 2112 785 2167; x_wconf 90' lang='lat' dir='ltr'>camposque</span> <span class='ocrx_word' id='word_1_151' title='bbox 801 2090 947 2167; x_wconf 89' lang='lat' dir='ltr'>liquentes</span> 
     </span>
     <span class='ocr_line' id='line_1_25' title="bbox 116 2171 849 2249; baseline 0 -21"><span class='ocrx_word' id='word_1_152' title='bbox 116 2173 321 2249; x_wconf 90' lang='lat' dir='ltr'>lucentemque</span> <span class='ocrx_word' id='word_1_153' title='bbox 336 2173 453 2247; x_wconf 88' lang='lat' dir='ltr'>globum</span> <span class='ocrx_word' id='word_1_154' title='bbox 468 2172 568 2228; x_wconf 90' lang='lat' dir='ltr'>Lunae</span> <span class='ocrx_word' id='word_1_155' title='bbox 585 2171 761 2248; x_wconf 89' lang='lat' dir='ltr'>Titaniaque</span> <span class='ocrx_word' id='word_1_156' title='bbox 777 2185 849 2228; x_wconf 88' lang='lat' dir='ltr'>astra</span> 
     </span>
     <span class='ocr_line' id='line_1_26' title="bbox 117 2252 830 2329; baseline -0.001 -20"><span class='ocrx_word' id='word_1_157' title='bbox 117 2253 232 2329; x_wconf 88' lang='lat' dir='ltr'>spiritus</span> <span class='ocrx_word' id='word_1_158' title='bbox 248 2253 325 2310; x_wconf 87' lang='lat' dir='ltr'>intus</span> <span class='ocrx_word' id='word_1_159' title='bbox 341 2252 401 2323; x_wconf 88' lang='lat' dir='ltr'>alit,</span> <span class='ocrx_word' id='word_1_160' title='bbox 418 2268 564 2329; x_wconf 89' lang='lat' dir='ltr'>totamque</span> <span class='ocrx_word' id='word_1_161' title='bbox 580 2252 675 2308; x_wconf 85' lang='lat' dir='ltr'>infusa</span> <span class='ocrx_word' id='word_1_162' title='bbox 689 2266 740 2328; x_wconf 91' lang='lat' dir='ltr'>per</span> <span class='ocrx_word' id='word_1_163' title='bbox 755 2266 830 2308; x_wconf 89' lang='lat' dir='ltr'>artus</span> 
     </span>
     <span class='ocr_line' id='line_1_27' title="bbox 116 2331 895 2407; baseline 0.001 -17"><span class='ocrx_word' id='word_1_164' title='bbox 116 2354 197 2390; x_wconf 90' lang='lat' dir='ltr'>mens</span> <span class='ocrx_word' id='word_1_165' title='bbox 213 2334 298 2407; x_wconf 90' lang='lat' dir='ltr'>agitat</span> <span class='ocrx_word' id='word_1_166' title='bbox 314 2334 430 2403; x_wconf 88' lang='lat' dir='ltr'>molem,</span> <span class='ocrx_word' id='word_1_167' title='bbox 446 2349 473 2389; x_wconf 90' lang='lat' dir='ltr'>et</span> <span class='ocrx_word' id='word_1_168' title='bbox 489 2354 591 2406; x_wconf 90' lang='lat' dir='ltr'>magno</span> <span class='ocrx_word' id='word_1_169' title='bbox 607 2353 635 2389; x_wconf 89' lang='lat' dir='ltr'>se</span> <span class='ocrx_word' id='word_1_170' title='bbox 650 2352 767 2407; x_wconf 89' lang='lat' dir='ltr'>corpore</span> <span class='ocrx_word' id='word_1_171' title='bbox 782 2331 895 2391; x_wconf 87' lang='lat' dir='ltr'>miscet.</span> 
     </span>
     <span class='ocr_line' id='line_1_28' title="bbox 117 2412 978 2490; baseline -0.001 -21"><span class='ocrx_word' id='word_1_172' title='bbox 117 2414 184 2470; x_wconf 91' lang='lat' dir='ltr'>inde</span> <span class='ocrx_word' id='word_1_173' title='bbox 199 2414 349 2470; x_wconf 91' lang='lat' dir='ltr'>hominum</span> <span class='ocrx_word' id='word_1_174' title='bbox 364 2413 566 2490; x_wconf 91' lang='lat' dir='ltr'>pecudumque</span> <span class='ocrx_word' id='word_1_175' title='bbox 581 2433 670 2487; x_wconf 90' lang='lat' dir='ltr'>genus</span> <span class='ocrx_word' id='word_1_176' title='bbox 681 2412 813 2488; x_wconf 91' lang='lat' dir='ltr'>vitaeque</span> <span class='ocrx_word' id='word_1_177' title='bbox 829 2412 978 2469; x_wconf 92' lang='lat' dir='ltr'>volantum</span> 
     </span>
     <span class='ocr_line' id='line_1_29' title="bbox 118 2494 953 2570; baseline 0 -20"><span class='ocrx_word' id='word_1_178' title='bbox 118 2510 146 2550; x_wconf 90' lang='lat' dir='ltr'>et</span> <span class='ocrx_word' id='word_1_179' title='bbox 161 2515 232 2570; x_wconf 90' lang='lat' dir='ltr'>quae</span> <span class='ocrx_word' id='word_1_180' title='bbox 248 2514 405 2550; x_wconf 89' lang='lat' dir='ltr'>marmoreo</span> <span class='ocrx_word' id='word_1_181' title='bbox 421 2494 475 2549; x_wconf 86' lang='lat' dir='ltr'>fert</span> <span class='ocrx_word' id='word_1_182' title='bbox 491 2509 616 2550; x_wconf 89' lang='lat' dir='ltr'>monstra</span> <span class='ocrx_word' id='word_1_183' title='bbox 632 2494 683 2549; x_wconf 93' lang='lat' dir='ltr'>sub</span> <span class='ocrx_word' id='word_1_184' title='bbox 699 2513 821 2570; x_wconf 89' lang='lat' dir='ltr'>aequore</span> <span class='ocrx_word' id='word_1_185' title='bbox 837 2510 953 2568; x_wconf 90' lang='lat' dir='ltr'>pontus.</span> 
     </span>
     <span class='ocr_line' id='line_1_30' title="bbox 116 2573 982 2648; baseline -0.001 -19"><span class='ocrx_word' id='word_1_186' title='bbox 116 2574 216 2647; x_wconf 90' lang='lat' dir='ltr'>igneus</span> <span class='ocrx_word' id='word_1_187' title='bbox 233 2588 274 2630; x_wconf 90' lang='lat' dir='ltr'>est</span> <span class='ocrx_word' id='word_1_188' title='bbox 289 2574 353 2630; x_wconf 88' lang='lat' dir='ltr'>ollis</span> <span class='ocrx_word' id='word_1_189' title='bbox 368 2573 448 2648; x_wconf 91' lang='lat' dir='ltr'>vigor</span> <span class='ocrx_word' id='word_1_190' title='bbox 464 2588 492 2629; x_wconf 93' lang='lat' dir='ltr'>et</span> <span class='ocrx_word' id='word_1_191' title='bbox 506 2574 633 2630; x_wconf 88' lang='lat' dir='ltr'>caelestis</span> <span class='ocrx_word' id='word_1_192' title='bbox 649 2573 729 2647; x_wconf 87' lang='lat' dir='ltr'>origo</span> <span class='ocrx_word' id='word_1_193' title='bbox 944 2603 982 2638; x_wconf 78' lang='lat'>730</span> 
     </span>
     <span class='ocr_line' id='line_1_31' title="bbox 116 2653 877 2730; baseline -0.001 -20"><span class='ocrx_word' id='word_1_194' title='bbox 116 2654 283 2722; x_wconf 87' lang='lat' dir='ltr'>seminibus,</span> <span class='ocrx_word' id='word_1_195' title='bbox 298 2670 438 2730; x_wconf 92' lang='lat' dir='ltr'>quantum</span> <span class='ocrx_word' id='word_1_196' title='bbox 455 2674 513 2710; x_wconf 93' lang='lat' dir='ltr'>non</span> <span class='ocrx_word' id='word_1_197' title='bbox 530 2653 614 2710; x_wconf 88' lang='lat' dir='ltr'>noxia</span> <span class='ocrx_word' id='word_1_198' title='bbox 630 2675 747 2730; x_wconf 90' lang='lat' dir='ltr'>corpora</span> <span class='ocrx_word' id='word_1_199' title='bbox 764 2653 877 2709; x_wconf 87' lang='lat' dir='ltr'>tardant</span> 
     </span>
     <span class='ocr_line' id='line_1_32' title="bbox 118 2733 924 2810; baseline 0 -20"><span class='ocrx_word' id='word_1_200' title='bbox 118 2734 281 2810; x_wconf 87' lang='lat' dir='ltr'>terrenique</span> <span class='ocrx_word' id='word_1_201' title='bbox 297 2735 436 2791; x_wconf 89' lang='lat' dir='ltr'>hebetant</span> <span class='ocrx_word' id='word_1_202' title='bbox 452 2749 526 2799; x_wconf 85' lang='lat' dir='ltr'>artus</span> <span class='ocrx_word' id='word_1_203' title='bbox 542 2734 770 2810; x_wconf 90' lang='lat' dir='ltr'>moribundaque</span> <span class='ocrx_word' id='word_1_204' title='bbox 786 2733 924 2790; x_wconf 91' lang='lat' dir='ltr'>membra.</span> 
     </span>
     <span class='ocr_line' id='line_1_33' title="bbox 116 2814 979 2891; baseline 0 -21"><span class='ocrx_word' id='word_1_205' title='bbox 116 2815 184 2871; x_wconf 91' lang='lat' dir='ltr'>hinc</span> <span class='ocrx_word' id='word_1_206' title='bbox 201 2830 335 2871; x_wconf 89' lang='lat' dir='ltr'>metuunt</span> <span class='ocrx_word' id='word_1_207' title='bbox 351 2814 540 2891; x_wconf 88' lang='lat' dir='ltr'>cupiuntque,</span> <span class='ocrx_word' id='word_1_208' title='bbox 556 2814 656 2871; x_wconf 89' lang='lat' dir='ltr'>dolent</span> <span class='ocrx_word' id='word_1_209' title='bbox 674 2814 867 2889; x_wconf 88' lang='lat' dir='ltr'>gaudentque,</span> <span class='ocrx_word' id='word_1_210' title='bbox 884 2833 979 2890; x_wconf 88' lang='lat' dir='ltr'>neque</span> 
     </span>
     <span class='ocr_line' id='line_1_34' title="bbox 197 2917 274 2951; baseline -0.013 0"><span class='ocrx_word' id='word_1_211' title='bbox 197 2917 274 2951; x_wconf 88' lang='lat' dir='ltr'>auras</span> 
     </span>
     <span class='ocr_line' id='line_1_35' title="bbox 117 2975 824 3051; baseline -0.001 -20"><span class='ocrx_word' id='word_1_212' title='bbox 117 2975 274 3051; x_wconf 88' lang='lat' dir='ltr'>dispiciunt</span> <span class='ocrx_word' id='word_1_213' title='bbox 289 2977 401 3033; x_wconf 87' lang='lat' dir='ltr'>clausae</span> <span class='ocrx_word' id='word_1_214' title='bbox 417 2975 587 3033; x_wconf 82' lang='lat' dir='ltr'>tenebriset</span> <span class='ocrx_word' id='word_1_215' title='bbox 602 2996 714 3033; x_wconf 87' lang='lat' dir='ltr'>carcere</span> <span class='ocrx_word' id='word_1_216' title='bbox 729 2995 824 3031; x_wconf 88' lang='lat' dir='ltr'>caeco.</span> 
     </span>
     <span class='ocr_line' id='line_1_36' title="bbox 117 3055 801 3133; baseline -0.003 -21"><span class='ocrx_word' id='word_1_217' title='bbox 117 3055 187 3133; x_wconf 93' lang='lat' dir='ltr'>quin</span> <span class='ocrx_word' id='word_1_218' title='bbox 205 3071 232 3112; x_wconf 88' lang='lat' dir='ltr'>et</span> <span class='ocrx_word' id='word_1_219' title='bbox 248 3077 380 3131; x_wconf 88' lang='lat' dir='ltr'>supremo</span> <span class='ocrx_word' id='word_1_220' title='bbox 394 3076 461 3113; x_wconf 93' lang='lat' dir='ltr'>cum</span> <span class='ocrx_word' id='word_1_221' title='bbox 476 3055 587 3113; x_wconf 90' lang='lat' dir='ltr'>lumine</span> <span class='ocrx_word' id='word_1_222' title='bbox 602 3057 660 3113; x_wconf 88' lang='lat' dir='ltr'>vita</span> <span class='ocrx_word' id='word_1_223' title='bbox 675 3055 801 3131; x_wconf 87' lang='lat' dir='ltr'>reliquit,</span> 
     </span>
     <span class='ocr_line' id='line_1_37' title="bbox 117 3135 964 3194; baseline -0.002 -2"><span class='ocrx_word' id='word_1_224' title='bbox 117 3155 175 3192; x_wconf 93' lang='lat' dir='ltr'>non</span> <span class='ocrx_word' id='word_1_225' title='bbox 191 3153 287 3194; x_wconf 91' lang='lat' dir='ltr'>tamen</span> <span class='ocrx_word' id='word_1_226' title='bbox 303 3157 388 3193; x_wconf 93' lang='lat' dir='ltr'>omne</span> <span class='ocrx_word' id='word_1_227' title='bbox 403 3136 511 3192; x_wconf 88' lang='lat' dir='ltr'>malum</span> <span class='ocrx_word' id='word_1_228' title='bbox 526 3135 634 3192; x_wconf 89' lang='lat' dir='ltr'>miseris</span> <span class='ocrx_word' id='word_1_229' title='bbox 651 3156 703 3193; x_wconf 89' lang='lat' dir='ltr'>nec</span> <span class='ocrx_word' id='word_1_230' title='bbox 720 3135 849 3191; x_wconf 88' lang='lat' dir='ltr'>funditus</span> <span class='ocrx_word' id='word_1_231' title='bbox 865 3156 964 3192; x_wconf 90' lang='lat' dir='ltr'>omnes</span> 
     </span>
    </p>
   </div>
   <div class='ocr_carea' id='block_1_3' title="bbox 93 3232 958 3292">
    <p class='ocr_par' dir='ltr' id='par_1_3' title="bbox 93 3232 958 3292">
     <span class='ocr_line' id='line_1_38' title="bbox 93 3232 958 3292; baseline 0.002 -14"><span class='ocrx_word' id='word_1_232' title='bbox 93 3247 141 3292; x_wconf 89' lang='lat'>704</span> <span class='ocrx_word' id='word_1_233' title='bbox 158 3233 228 3279; x_wconf 84' lang='lat' dir='ltr'>silvis.</span> <span class='ocrx_word' id='word_1_234' title='bbox 264 3247 309 3292; x_wconf 82' lang='lat'>723</span> <span class='ocrx_word' id='word_1_235' title='bbox 328 3232 427 3292; x_wconf 85' lang='lat' dir='ltr'>suspicit.</span> <span class='ocrx_word' id='word_1_236' title='bbox 464 3245 510 3292; x_wconf 88' lang='lat'>734</span> <span class='ocrx_word' id='word_1_237' title='bbox 528 3233 655 3292; x_wconf 85' lang='lat' dir='ltr'>despiciunt</span> <span class='ocrx_word' id='word_1_238' title='bbox 667 3232 724 3278; x_wconf 85' lang='lat' dir='ltr'>codd.</span> <span class='ocrx_word' id='word_1_239' title='bbox 759 3232 883 3292; x_wconf 88' lang='lat' dir='ltr'>respiciunt</span> <span class='ocrx_word' id='word_1_240' title='bbox 896 3233 958 3280; x_wconf 79' lang='lat' dir='ltr'>Serv.</span> 
     </span>
    </p>
   </div>
   <div class='ocr_carea' id='block_1_4' title="bbox 0 0 1007 3614">
    <p class='ocr_par' dir='ltr' id='par_1_4' title="bbox 0 0 1007 3614">
     <span class='ocr_line' id='line_1_39' title="bbox 0 0 1007 3614; baseline 0 0"><span class='ocrx_word' id='word_1_241' title='bbox 0 0 1007 3614; x_wconf 95' lang='lat' dir='ltr'> </span> 
     </span>
    </p>
   </div>
  </div>
 </body>
</html>
