2002 3614
71 199 100 243 68
342 199 368 246 P.
386 198 527 246 VERGILI
546 198 702 246 MARONIS

111 343 188 399 ante,
205 328 308 398 Pudor,
325 347 410 404 quam
427 343 455 384 te
470 327 556 397 violo,
572 343 621 384 aut
636 344 684 384 tua
699 327 760 386 iura
777 330 892 387 resolvo.

111 409 162 465 ille
177 429 265 479 meos,
280 409 388 485 primus
404 409 452 485 qui
467 428 514 464 me
529 408 581 464 sibi
597 407 701 480 iunxit,
718 429 828 467 amores

111 489 229 546 abstulit
238 513 247 555 ;
269 489 320 545 ille
335 490 440 545 habeat
455 508 551 545 secum
567 504 717 566 servetque
736 488 914 567 sepulchro.'

111 570 149 627 sic
167 570 250 626 effata
265 569 360 626 sinum
376 569 499 627 lacrimis
514 569 638 645 inplevit
653 571 771 628 obortis.

151 652 236 706 Anna
252 651 357 707 refert:
381 655 415 706 ‘o
431 650 495 706 luce
511 650 598 724 magis
613 650 720 707 dilecta
735 653 835 723 sorori,

112 732 208 787 solane
224 746 362 807 perpetua
378 751 507 787 maerens
523 750 640 806 carpere
655 730 784 803 iuventa,

113 832 165 868 nec
182 811 280 890 dulces
297 827 386 881 natos,
402 810 525 869 Veneris
542 831 595 868 nec
611 812 738 887 praemia
755 813 854 869 noris?

112 892 141 948 id
157 892 285 983 cineqem
301 908 350 949 aut
367 893 473 967 Manes
488 891 580 948 credis
595 912 694 948 curare
709 894 860 968 sepultos?

113 988 181 1042 esto,
198 993 309 1053 aegrqm
324 972 398 1029 nulli
414 973 560 1049 quondam
576 970 682 1045 hexere
697 973 783 1030 mar't
807 1038 819 1046 ἢ
841 1024 858 1049 ³

112 1074 171 1109 non
187 1053 305 1128 Libyae,
322 1074 380 1110 non
397 1069 464 1109 ante
480 1053 580 1128 Tyr03
602 1038 754 1129 despectus
770 1056 875 1124 Iarbas,
913 1105 916 1108 ,

112 1134 301 1210 ductoresque
317 1133 375 1203 alii,
391 1155 461 1210 quos
475 1133 573 1191 Africa
590 1149 663 1190 terra
680 1133 833 1211 triumphis

113 1215 191 1271 dives
207 1215 276 1271 alit:
297 1214 445 1291 placitone
462 1214 548 1271 etiam
563 1214 702 1290 pugnabis
719 1215 832 1272 amori?

113 1317 166 1352 nec
182 1295 262 1352 venit
278 1295 308 1351 in
324 1310 462 1365 mentem,
479 1315 600 1372 quorum
617 1295 780 1352 consederis
796 1296 888 1353 arvis?

134 1376 142 1432 i
198 1377 342 1433 Gaetulae
357 1376 449 1445 urbes,
464 1396 553 1449 genus
568 1375 762 1451 insuperabile
778 1377 867 1447 bello,

98 1472 142 1514 ¹et
157 1457 304 1513 Numidae
319 1456 426 1513 infreni
442 1456 572 1530 cingunt,
589 1471 617 1512 et
632 1456 778 1532 inhospita
795 1457 899 1534 Syrtis3

113 1538 182 1594 hinc
198 1538 308 1594 deserta
323 1536 369 1594 siti
384 1537 471 1610 regio,
488 1536 603 1613 lateque
618 1536 746 1593 furentes

112 1606 241 1675 Bar-cael.
284 1617 354 1694 quid
369 1618 445 1674 bella
462 1618 542 1692 Tyro
557 1616 701 1691 surgentia
716 1617 813 1674 dicam

114 1698 300 1776 germanique
315 1698 428 1754 minas?

114 1779 156 1835 dis
173 1779 307 1855 equidem
322 1778 482 1855 auspicibus
497 1799 561 1835 reor
577 1795 605 1835 et
620 1779 735 1835 Iunone
750 1780 878 1837 secunda

114 1861 191 1917 hunc
208 1859 320 1917 cursum
336 1859 438 1917 Iliacas
452 1875 540 1916 vento
556 1859 680 1916 tenuisse
695 1859 816 1918 carinas.

115 1961 200 2018 quarn
212 1956 243 1997 tu
253 1941 363 2009 urbem,
375 1961 458 2010 soror,
469 1941 543 1997 hanc
556 1961 665 2010 cernes,
678 1960 751 2017 quae
765 1960 879 2015 surgere
891 1958 918 1997 r<

115 2021 248 2095 coniugio
264 2020 334 2078 tali!
359 2020 508 2077 Teucrum
524 2020 728 2077 comitantibus
744 2021 839 2092 armis,

115 2102 224 2159 Punica
239 2123 268 2158 se
283 2101 396 2178 quantis
412 2102 527 2157 attollet
541 2100 629 2175 gloria
644 2101 743 2159 rebus!

116 2199 146 2240 tu
162 2183 247 2239 modo
262 2202 348 2258 posce
363 2181 431 2238 deos
445 2181 570 2252 veniam,
586 2181 728 2258 sacrisque
743 2181 835 2239 litatis

115 2263 233 2337 indulge
247 2262 382 2339 hospitio,
398 2282 551 2338 causasque
566 2262 684 2318 innecte
700 2263 843 2333 morandi,

115 2344 184 2400 dum
198 2345 300 2420 pelago
315 2342 441 2399 desaevit
455 2343 568 2418 hiemps
584 2358 613 2399 et
628 2362 747 2418 aquosus
764 2344 869 2413 Orion,

115 2440 318 2501 quassataeque
334 2439 406 2479 rates
431 2423 500 2495 dnm
514 2443 576 2483 non
593 2422 742 2480 tractabile
758 2424 890 2501 caelum!

156 2504 198 2560 his
214 2504 297 2560 dictis
313 2505 400 2560 incen
423 2492 613 2595 >¹manimqrd
624 2502 816 2560 inflammavit
832 2524 915 2560 amor

116 2606 252 2661 spemque
268 2584 349 2641 dedit
364 2585 468 2640 dubiae
483 2596 583 2653 menti,
600 2583 741 2660 solvitque
755 2584 910 2659 pudorem.

115 2665 259 2743 principio
275 2665 401 2745 delubrh'·
409 2664 526 2734 adeunt,
541 2685 701 2740 pacemque
716 2685 767 2739 per
782 2686 842 2720 aras

118 2746 289 2823 exquirunt:
312 2761 439 2802 mactant
455 2745 543 2818 lectas
558 2744 594 2800 de
610 2764 689 2800 more
704 2744 840 2802 bidentes

116 2827 252 2902 legiferae
268 2826 368 2883 Cereri
386 2812 707 2901 Phoeboqh‘i‘pagrique
723 2825 832 2900 Lyaeo,

117 2896 307 2985 Iunonissante
322 2927 431 2976 omnes,
448 2905 493 2962 cui
510 2904 725 2978 vinclajugalia
740 2925 836 2964 curae.

117 2988 186 3065 ipsa,
203 2989 304 3044 tenens
319 2987 419 3043 dextra
433 3001 572 3062 pateram,
587 2985 782 3062 pulcherrima
797 2985 877 3044 Dido

118 3068 268 3125 candentis
284 3088 387 3124 vaccae
402 3066 496 3123 media
511 3064 587 3122 inter
602 3086 709 3122 cornua
724 3066 825 3123 fundit
834 3092 843 3136 ;

119 3164 167 3206 aut
182 3165 249 3206 ante
264 3169 311 3205 ora
326 3148 413 3204 deum
427 3146 547 3223 pingues
562 3145 699 3222 spatiatur
713 3146 750 3203 ad
764 3167 834 3216 aras,

258 3254 288 3305 54
305 3242 415 3303 impenso.
451 3238 589 3286 flammavit.
624 3238 653 3301 58
671 3238 801 3302 frugiferae.
