2002 3614
344 194 510 242 AENEIDOS
528 195 589 241 LIB.
607 194 618 240 l

75 323 226 381 ominibus.
269 324 319 381 sed
333 344 420 398 regna
436 324 506 400 Tyri
521 344 669 397 germanus
683 325 804 381 habebat

76 404 250 479 Pygmalion,
267 405 374 462 scelere
390 421 455 462 ante
470 405 537 461 alios
553 405 692 461 inmanior
707 426 814 462 omnes.

76 506 141 561 quos
155 486 231 543 inter
247 486 358 542 medius
373 486 452 543 venit
467 487 554 543 furor,
596 486 644 542 ille
661 486 819 560 Sychaeum

77 565 166 642 inpius
181 583 248 624 ante
265 588 323 624 aras
338 583 421 644 atque
437 568 495 624 auri
511 587 610 624 caecus
625 587 718 623 amore

79 647 146 704 clam
161 648 236 704 ferro
252 647 401 704 incautum
417 664 538 725 superat,
553 669 665 705 securus
680 667 809 704 amorum
900 675 937 713 350

71 725 245 800 'germanae3
267 729 433 806 factumque
448 729 496 786 diu
513 729 623 797 celavit,
640 744 667 785 et
683 748 793 802 aegram

83 809 164 865 multa
177 810 270 866 malus
284 810 418 866 simulans
434 831 504 866 vana
520 831 567 885 spe
582 809 647 866 lusit
663 825 814 865 amantem.
824 848 839 896 s

85 887 135 963 ipsa
148 890 194 946 sed
209 890 239 946 in
256 890 361 946 somnis
376 890 515 947 inhumati
532 890 610 947 venit
625 889 717 963 imago

87 969 210 1043 coniugis,
227 992 276 1027 ora
290 971 379 1027 modis
394 972 524 1027 attollens
540 971 643 1046 pallida
658 970 798 1038 miris?

91 1051 203 1107 crudeles
219 1073 276 1108 aras
292 1052 463 1129 traiectaque
478 1068 592 1127 pectora
606 1052 679 1108 ferro
697 1049 699 1053 ’

94 1131 203 1201 nudavit,
218 1152 393 1209 caecumque
408 1132 507 1188 domus
523 1133 613 1189 scelus
627 1153 711 1188 omne
725 1131 838 1188 retexit.

96 1225 144 1266 tum
156 1213 277 1270 celerare
292 1212 388 1285 fugam
403 1213 546 1290 patriaque
563 1212 699 1269 excedere
714 1212 821 1279 suadet,

99 1291 270 1370 auxiliumque
286 1293 347 1349 viae
362 1309 468 1362 veteres
484 1294 585 1350 tellure
600 1293 722 1360 recludit

79 1371 230 1518 spasmos,
245 1373 375 1447 ignotum
391 1373 499 1447 argenti
515 1374 624 1449 pondus
640 1390 668 1430 et
683 1373 751 1430 auri.

118 1450 135 1506 is
145 1470 277 1511 commota
291 1454 388 1528 fugam
403 1453 479 1511 Dido
495 1454 639 1530 sociosque
655 1454 775 1529 parabat.
902 1471 938 1518 360

105 1535 262 1602 conveniunt,
279 1533 381 1612 quibus
396 1551 443 1591 aut
458 1534 555 1591 odium
572 1535 687 1590 crudele
703 1533 815 1608 tyranni

106 1626 141 1666 aut
151 1631 231 1703 metus
246 1635 311 1671 acer
326 1631 386 1672 erat
399 1639 407 1683 ;
429 1636 522 1684 naves,
539 1636 609 1692 quae
625 1615 696 1671 forte
711 1629 832 1691 paratae,

107 1695 233 1770 compiunt
248 1712 426 1773 onerantque
442 1717 517 1753 auro.
560 1712 707 1771 portantur
722 1695 794 1751 avari

109 1769 268 1845 Pygmalionis
284 1797 351 1852 opes
366 1777 464 1852 pelago
478 1801 486 1844 3
508 1776 566 1832 dux
581 1775 687 1832 femina
702 1773 821 1884 famia

71 1859 91 1874 ·
108 1849 217 1913 devenere
232 1858 317 1925 locos,
335 1856 383 1913 ubi
399 1877 475 1914 nunc
492 1857 618 1930 ingentia
633 1852 731 1913 cernis

109 1935 193 1992 noenia
205 1953 423 2014 surgentemque
439 1958 528 1994 novae
544 1937 722 2010 Karthaginis
738 1957 841 2005 arcem,

109 2017 251 2094 mercatique
267 2019 369 2086 solum,
384 2018 450 2074 faeti
467 2018 501 2074 de
517 2018 632 2074 nomine
648 2019 772 2097 Byrsam,

109 2094 193 2152 taurim
205 2089 348 2176 quan't'tiffi
359 2115 471 2174 possent
487 2099 669 2178 circumdare¹
679 2113 766 2172 tergo.

109 2172 143 2229 sed
153 2196 192 2233 vos
205 2178 251 2256 qui
267 2178 393 2255 tandem,
409 2171 574 2256 quibus'”aut
588 2179 703 2236 venistis
718 2179 752 2235 ab
767 2178 831 2246 oris,

109 2271 175 2327 ως
188 2260 288 2329 tenetis
303 2260 357 2320 iter
368 2259 394 2316 ?’
416 2260 563 2337 quaerenti
580 2260 680 2317 talibus
695 2260 745 2315 ille
902 2287 939 2324 370

65 2360 89 2401 χ
108 2335 216 2426 suspirans
231 2340 347 2430 imoque
362 2343 474 2397 trahens
490 2363 505 2397 a
521 2358 634 2429 pectore
649 2296 868 2429 vocffls

134 2420 162 2483 ,‘0
221 2465 230 2490 ,
257 2438 547 2496 rpnmarepetensa
582 2416 693 2496 ‹iiigi'rie'
704 2441 827 2497 pergam,

94 2509 129 2549 ‘et
139 2516 203 2559 vacet
217 2502 332 2559 annales
347 2519 507 2559 nostrorum
523 2502 619 2559 audire
634 2502 770 2569 laborum,

108 2581 235 2638 antediem
250 2583 346 2639 clauso
361 2599 515 2658 componet
531 2583 640 2658 Vesper
656 2583 793 2658 Olympo.

108 2671 143 2711 nos
155 2659 232 2740 Troia
247 2663 371 2739 antiqua,
388 2663 409 2719 si
424 2681 526 2720 vestras
543 2664 615 2719 forte
630 2685 679 2738 per
694 2683 772 2719 aures

108 2732 187 2805 Troiae
201 2763 306 2800 nornen
322 2743 363 2811 iit,
380 2744 487 2800 diversa
502 2765 551 2819 per
567 2765 686 2820 aequora
701 2760 796 2799 vectos

108 2813 160 2875 sorte
172 2843 214 2880 sua
229 2825 345 2899 Libycis
361 2840 508 2900 tempestas
526 2825 635 2900 appulit
649 2824 711 2881 oris.

108 2903 217 2977 sumpius
232 2906 354 2972 Aeneas,
370 2922 461 2980 raptos
461 2905 524 2993 qui
542 2926 575 2961 ex
592 2907 670 2962 hoste
688 2907 805 2961 Penates

107 2976 171 3038 classe
184 2988 253 3042 veho
268 3007 393 3053 mecum,
409 2986 483 3042 fama
499 3007 581 3062 super
597 2989 708 3043 aethera
724 3001 816 3041 notus

108 3054 194 3121 ltaliam
206 3087 310 3144 quaero
326 3066 443 3142 patriam
459 3083 486 3122 et
501 3087 590 3140 genus
606 3067 639 3122 ab
656 3068 723 3122 love
740 3084 859 3122 summo.
902 3075 939 3124 380

819 3133 916 3151 *na-u-

107 3132 137 3192 bis
148 3141 216 3202 denis
232 3147 387 3224 Phrygium
403 3141 555 3204 conscendi
573 3147 692 3204 navibus
708 3163 822 3226 aequor,

271 3243 320 3301 565
337 3259 420 3290 cemes,
469 3247 471 3250 ⁴
489 3260 537 3307 374
557 3259 695 3312 componat.
