<?xml version="1.0" encoding="UTF-8"?>
<!DOCTYPE html PUBLIC "-//W3C//DTD XHTML 1.0 Transitional//EN"
    "http://www.w3.org/TR/xhtml1/DTD/xhtml1-transitional.dtd">
<html xmlns="http://www.w3.org/1999/xhtml" xml:lang="en" lang="en">
 <head>
  <title>
</title>
<meta http-equiv="Content-Type" content="text/html;charset=utf-8" />
  <meta name='ocr-system' content='tesseract 3.04.00' />
  <meta name='ocr-capabilities' content='ocr_page ocr_carea ocr_par ocr_line ocrx_word'/>
</head>
<body>
  <div class='ocr_page' id='page_1' title='image "aeneidvirgilboo00pagegoog_0068.png"; bbox 0 0 2002 3614; ppageno 0'>
   <div class='ocr_carea' id='block_1_1' title="bbox 292 35 309 84">
    <p class='ocr_par' dir='ltr' id='par_1_1' title="bbox 292 35 309 84">
     <span class='ocr_line' id='line_1_1' title="bbox 292 35 309 84; baseline 0 -43"><span class='ocrx_word' id='word_1_1' title='bbox 292 35 309 84; x_wconf 48' lang='lat'>¹..</span> 
     </span>
    </p>
   </div>
   <div class='ocr_carea' id='block_1_2' title="bbox 316 205 603 252">
    <p class='ocr_par' dir='ltr' id='par_1_2' title="bbox 316 205 603 252">
     <span class='ocr_line' id='line_1_2' title="bbox 316 205 603 252; baseline 0 0"><span class='ocrx_word' id='word_1_2' title='bbox 316 205 481 252; x_wconf 86' lang='lat' dir='ltr'>AENEIDOS</span> <span class='ocrx_word' id='word_1_3' title='bbox 500 207 560 252; x_wconf 93' lang='lat' dir='ltr'><strong>LIB.</strong></span> <span class='ocrx_word' id='word_1_4' title='bbox 579 207 603 252; x_wconf 97' lang='lat' dir='ltr'>ll</span> 
     </span>
    </p>
   </div>
   <div class='ocr_carea' id='block_1_3' title="bbox 69 336 917 3218">
    <p class='ocr_par' dir='ltr' id='par_1_3' title="bbox 69 336 917 3218">
     <span class='ocr_line' id='line_1_3' title="bbox 80 336 708 412; baseline 0.006 -22"><span class='ocrx_word' id='word_1_5' title='bbox 80 353 128 408; x_wconf 88' lang='lat' dir='ltr'>quos</span> <span class='ocrx_word' id='word_1_6' title='bbox 141 337 182 393; x_wconf 91' lang='lat' dir='ltr'>ubi</span> <span class='ocrx_word' id='word_1_7' title='bbox 197 336 341 394; x_wconf 89' lang='lat' dir='ltr'>confertos</span> <span class='ocrx_word' id='word_1_8' title='bbox 356 336 459 394; x_wconf 89' lang='lat' dir='ltr'>audere</span> <span class='ocrx_word' id='word_1_9' title='bbox 474 336 504 392; x_wconf 91' lang='lat' dir='ltr'>in</span> <span class='ocrx_word' id='word_1_10' title='bbox 519 338 625 412; x_wconf 87' lang='lat' dir='ltr'>proelia</span> <span class='ocrx_word' id='word_1_11' title='bbox 640 338 708 408; x_wconf 89' lang='lat' dir='ltr'>vidi,</span> 
     </span>
     <span class='ocr_line' id='line_1_4' title="bbox 79 413 780 493; baseline 0.01 -24"><span class='ocrx_word' id='word_1_12' title='bbox 79 413 160 492; x_wconf 87' lang='lat' dir='ltr'>incipio</span> <span class='ocrx_word' id='word_1_13' title='bbox 172 438 253 493; x_wconf 88' lang='lat' dir='ltr'>super</span> <span class='ocrx_word' id='word_1_14' title='bbox 268 417 333 474; x_wconf 90' lang='lat' dir='ltr'>his:</span> <span class='ocrx_word' id='word_1_15' title='bbox 357 417 498 486; x_wconf 90' lang='lat' dir='ltr'>‘iuvenes‚</span> <span class='ocrx_word' id='word_1_16' title='bbox 515 418 663 475; x_wconf 86' lang='lat' dir='ltr'>fortissima</span> <span class='ocrx_word' id='word_1_17' title='bbox 679 419 780 476; x_wconf 88' lang='lat' dir='ltr'>frustra</span> 
     </span>
     <span class='ocr_line' id='line_1_5' title="bbox 80 497 732 574; baseline 0.005 -22"><span class='ocrx_word' id='word_1_18' title='bbox 80 512 174 568; x_wconf 83' lang='lat' dir='ltr'>pectora,</span> <span class='ocrx_word' id='word_1_19' title='bbox 188 498 208 554; x_wconf 90' lang='lat' dir='ltr'>si</span> <span class='ocrx_word' id='word_1_20' title='bbox 224 497 303 555; x_wconf 89' lang='lat' dir='ltr'>vobis</span> <span class='ocrx_word' id='word_1_21' title='bbox 319 498 470 555; x_wconf 85' lang='lat' dir='ltr'>audentem</span> <span class='ocrx_word' id='word_1_22' title='bbox 487 514 614 555; x_wconf 87' lang='lat' dir='ltr'>extrema</span> <span class='ocrx_word' id='word_1_23' title='bbox 628 500 732 574; x_wconf 90' lang='lat' dir='ltr'>cupido</span> 
     </span>
     <span class='ocr_line' id='line_1_6' title="bbox 79 578 912 655; baseline 0.01 -25"><span class='ocrx_word' id='word_1_24' title='bbox 79 592 133 633; x_wconf 87' lang='lat' dir='ltr'>certa</span> <span class='ocrx_word' id='word_1_25' title='bbox 145 579 228 655; x_wconf 86' lang='lat' dir='ltr'>sequi,</span> <span class='ocrx_word' id='word_1_26' title='bbox 243 599 315 655; x_wconf 89' lang='lat' dir='ltr'>quae</span> <span class='ocrx_word' id='word_1_27' title='bbox 331 578 366 635; x_wconf 90' lang='lat' dir='ltr'>sit</span> <span class='ocrx_word' id='word_1_28' title='bbox 381 578 461 635; x_wconf 88' lang='lat' dir='ltr'>rebus</span> <span class='ocrx_word' id='word_1_29' title='bbox 478 579 589 636; x_wconf 88' lang='lat' dir='ltr'>fortuna</span> <span class='ocrx_word' id='word_1_30' title='bbox 603 579 703 636; x_wconf 90' lang='lat' dir='ltr'>videtis</span> <span class='ocrx_word' id='word_1_31' title='bbox 718 603 724 636; x_wconf 92' lang='lat'>:</span> <span class='ocrx_word' id='word_1_32' title='bbox 875 611 912 648; x_wconf 82' lang='lat'>350</span> 
     </span>
     <span class='ocr_line' id='line_1_7' title="bbox 79 659 676 736; baseline 0.005 -23"><span class='ocrx_word' id='word_1_33' title='bbox 79 674 193 716; x_wconf 76' lang='lat' dir='ltr'>excessere</span> <span class='ocrx_word' id='word_1_34' title='bbox 208 680 318 729; x_wconf 92' lang='lat' dir='ltr'>omnes,</span> <span class='ocrx_word' id='word_1_35' title='bbox 334 659 422 734; x_wconf 85' lang='lat' dir='ltr'>adytis</span> <span class='ocrx_word' id='word_1_36' title='bbox 437 659 544 736; x_wconf 90' lang='lat' dir='ltr'>arisque</span> <span class='ocrx_word' id='word_1_37' title='bbox 560 660 676 729; x_wconf 86' lang='lat' dir='ltr'>relictis,</span> 
     </span>
     <span class='ocr_line' id='line_1_8' title="bbox 78 735 850 816; baseline 0.009 -24"><span class='ocrx_word' id='word_1_38' title='bbox 78 735 104 806; x_wconf 88' lang='lat' dir='ltr'>di,</span> <span class='ocrx_word' id='word_1_39' title='bbox 114 740 203 816; x_wconf 88' lang='lat' dir='ltr'>quibus</span> <span class='ocrx_word' id='word_1_40' title='bbox 218 740 372 816; x_wconf 90' lang='lat' dir='ltr'>imperium</span> <span class='ocrx_word' id='word_1_41' title='bbox 387 742 440 797; x_wconf 89' lang='lat' dir='ltr'>hoc</span> <span class='ocrx_word' id='word_1_42' title='bbox 457 756 591 807; x_wconf 88' lang='lat' dir='ltr'>steterat;</span> <span class='ocrx_word' id='word_1_43' title='bbox 613 741 774 798; x_wconf 84' lang='lat' dir='ltr'>succurritis</span> <span class='ocrx_word' id='word_1_44' title='bbox 789 741 850 799; x_wconf 91' lang='lat' dir='ltr'>urbi</span> 
     </span>
     <span class='ocr_line' id='line_1_9' title="bbox 78 815 812 891; baseline 0.011 -20"><span class='ocrx_word' id='word_1_45' title='bbox 78 815 200 879; x_wconf 85' lang='lat' dir='ltr'>incensae:</span> <span class='ocrx_word' id='word_1_46' title='bbox 224 821 387 891; x_wconf 87' lang='lat' dir='ltr'>moriamur,</span> <span class='ocrx_word' id='word_1_47' title='bbox 404 821 475 877; x_wconf 86' lang='lat' dir='ltr'>etin</span> <span class='ocrx_word' id='word_1_48' title='bbox 492 822 585 878; x_wconf 88' lang='lat' dir='ltr'>media</span> <span class='ocrx_word' id='word_1_49' title='bbox 600 842 675 878; x_wconf 91' lang='lat' dir='ltr'>arma</span> <span class='ocrx_word' id='word_1_50' title='bbox 690 842 812 880; x_wconf 79' lang='lat' dir='ltr'>ruamus,</span> 
     </span>
     <span class='ocr_line' id='line_1_10' title="bbox 78 900 692 977; baseline 0.008 -24"><span class='ocrx_word' id='word_1_51' title='bbox 78 917 115 956; x_wconf 90' lang='lat' dir='ltr'>una</span> <span class='ocrx_word' id='word_1_52' title='bbox 126 903 191 959; x_wconf 87' lang='lat' dir='ltr'>salus</span> <span class='ocrx_word' id='word_1_53' title='bbox 204 901 288 959; x_wconf 88' lang='lat' dir='ltr'>victis</span> <span class='ocrx_word' id='word_1_54' title='bbox 304 902 413 958; x_wconf 91' lang='lat' dir='ltr'>nullam</span> <span class='ocrx_word' id='word_1_55' title='bbox 429 922 539 977; x_wconf 87' lang='lat' dir='ltr'>sperare</span> <span class='ocrx_word' id='word_1_56' title='bbox 555 900 692 959; x_wconf 85' lang='lat' dir='ltr'>salutem&#39;</span> 
     </span>
     <span class='ocr_line' id='line_1_11' title="bbox 77 969 845 1059; baseline 0.009 -26"><span class='ocrx_word' id='word_1_57' title='bbox 77 977 103 1035; x_wconf 85' lang='lat' dir='ltr'>sie</span> <span class='ocrx_word' id='word_1_58' title='bbox 114 982 203 1039; x_wconf 88' lang='lat' dir='ltr'>animis</span> <span class='ocrx_word' id='word_1_59' title='bbox 218 982 355 1040; x_wconf 88' lang='lat' dir='ltr'>iuvenum</span> <span class='ocrx_word' id='word_1_60' title='bbox 372 983 449 1038; x_wconf 88' lang='lat' dir='ltr'>furor</span> <span class='ocrx_word' id='word_1_61' title='bbox 463 983 582 1039; x_wconf 88' lang='lat' dir='ltr'>additus.</span> <span class='ocrx_word' id='word_1_62' title='bbox 592 969 700 1051; x_wconf 43' lang='grc' dir='ltr'>ὥς,</span> <span class='ocrx_word' id='word_1_63' title='bbox 717 983 776 1059; x_wconf 91' lang='lat' dir='ltr'>lupi</span> <span class='ocrx_word' id='word_1_64' title='bbox 793 1004 845 1040; x_wconf 91' lang='lat' dir='ltr'>ceu</span> 
     </span>
     <span class='ocr_line' id='line_1_12' title="bbox 78 1063 757 1139; baseline 0.007 -25"><span class='ocrx_word' id='word_1_65' title='bbox 78 1077 173 1135; x_wconf 88' lang='lat' dir='ltr'>raptores</span> <span class='ocrx_word' id='word_1_66' title='bbox 187 1079 245 1120; x_wconf 91' lang='lat' dir='ltr'>atra</span> <span class='ocrx_word' id='word_1_67' title='bbox 260 1063 290 1119; x_wconf 91' lang='lat' dir='ltr'>in</span> <span class='ocrx_word' id='word_1_68' title='bbox 306 1063 420 1132; x_wconf 90' lang='lat' dir='ltr'>nebula,</span> <span class='ocrx_word' id='word_1_69' title='bbox 435 1084 504 1139; x_wconf 92' lang='lat' dir='ltr'>quos</span> <span class='ocrx_word' id='word_1_70' title='bbox 519 1063 639 1139; x_wconf 87' lang='lat' dir='ltr'>inproba</span> <span class='ocrx_word' id='word_1_71' title='bbox 653 1063 757 1120; x_wconf 91' lang='lat' dir='ltr'>ventris</span> 
     </span>
     <span class='ocr_line' id='line_1_13' title="bbox 78 1143 641 1221; baseline 0.009 -26"><span class='ocrx_word' id='word_1_72' title='bbox 78 1143 149 1217; x_wconf 80' lang='lat' dir='ltr'>eregit</span> <span class='ocrx_word' id='word_1_73' title='bbox 161 1163 259 1200; x_wconf 89' lang='lat' dir='ltr'>caecos</span> <span class='ocrx_word' id='word_1_74' title='bbox 274 1143 372 1213; x_wconf 87' lang='lat' dir='ltr'>rabies,</span> <span class='ocrx_word' id='word_1_75' title='bbox 388 1143 531 1221; x_wconf 86' lang='lat' dir='ltr'>catulique</span> <span class='ocrx_word' id='word_1_76' title='bbox 548 1143 641 1200; x_wconf 85' lang='lat' dir='ltr'>relicti</span> 
     </span>
     <span class='ocr_line' id='line_1_14' title="bbox 78 1218 781 1301; baseline 0.01 -27"><span class='ocrx_word' id='word_1_77' title='bbox 78 1218 177 1282; x_wconf 84' lang='lat' dir='ltr'>saucibus</span> <span class='ocrx_word' id='word_1_78' title='bbox 192 1240 358 1301; x_wconf 84' lang='lat' dir='ltr'>exspectant</span> <span class='ocrx_word' id='word_1_79' title='bbox 374 1224 464 1293; x_wconf 88' lang='lat' dir='ltr'>siccis,</span> <span class='ocrx_word' id='word_1_80' title='bbox 480 1245 529 1300; x_wconf 92' lang='lat' dir='ltr'>per</span> <span class='ocrx_word' id='word_1_81' title='bbox 545 1226 608 1292; x_wconf 88' lang='lat' dir='ltr'>tela,</span> <span class='ocrx_word' id='word_1_82' title='bbox 625 1245 675 1300; x_wconf 89' lang='lat' dir='ltr'>per</span> <span class='ocrx_word' id='word_1_83' title='bbox 689 1226 781 1282; x_wconf 88' lang='lat' dir='ltr'>hostes</span> 
     </span>
     <span class='ocr_line' id='line_1_15' title="bbox 78 1302 911 1382; baseline 0.007 -26"><span class='ocrx_word' id='word_1_84' title='bbox 78 1302 177 1362; x_wconf 81' lang='lat' dir='ltr'>cadimus</span> <span class='ocrx_word' id='word_1_85' title='bbox 190 1305 267 1362; x_wconf 91' lang='lat' dir='ltr'>haud</span> <span class='ocrx_word' id='word_1_86' title='bbox 282 1305 397 1362; x_wconf 89' lang='lat' dir='ltr'>dubiam</span> <span class='ocrx_word' id='word_1_87' title='bbox 413 1305 442 1360; x_wconf 90' lang='lat' dir='ltr'>in</span> <span class='ocrx_word' id='word_1_88' title='bbox 459 1322 589 1374; x_wconf 90' lang='lat' dir='ltr'>mortem,</span> <span class='ocrx_word' id='word_1_89' title='bbox 601 1305 767 1382; x_wconf 91' lang='lat' dir='ltr'>mediaeque</span> <span class='ocrx_word' id='word_1_90' title='bbox 783 1322 911 1363; x_wconf 89' lang='lat' dir='ltr'>tenemus</span> 
     </span>
     <span class='ocr_line' id='line_1_16' title="bbox 79 1365 913 1466; baseline 0.007 -30"><span class='ocrx_word' id='word_1_91' title='bbox 79 1382 132 1440; x_wconf 87' lang='lat' dir='ltr'>urbis</span> <span class='ocrx_word' id='word_1_92' title='bbox 144 1365 212 1466; x_wconf 53' lang='lat' dir='ltr'>ige&gt;</span> <span class='ocrx_word' id='word_1_93' title='bbox 236 1406 294 1442; x_wconf 86' lang='lat' dir='ltr'>nox</span> <span class='ocrx_word' id='word_1_94' title='bbox 311 1402 368 1443; x_wconf 86' lang='lat' dir='ltr'>atra</span> <span class='ocrx_word' id='word_1_95' title='bbox 384 1405 450 1442; x_wconf 87' lang='lat' dir='ltr'>cava</span> <span class='ocrx_word' id='word_1_96' title='bbox 465 1386 652 1442; x_wconf 89' lang='lat' dir='ltr'>circumvolat</span> <span class='ocrx_word' id='word_1_97' title='bbox 668 1386 774 1443; x_wconf 87' lang='lat' dir='ltr'>umbra.</span> <span class='ocrx_word' id='word_1_98' title='bbox 876 1406 913 1453; x_wconf 84' lang='lat'>360</span> 
     </span>
     <span class='ocr_line' id='line_1_17' title="bbox 80 1463 738 1543; baseline 0.006 -25"><span class='ocrx_word' id='word_1_99' title='bbox 80 1463 121 1536; x_wconf 89' lang='lat' dir='ltr'>quis</span> <span class='ocrx_word' id='word_1_100' title='bbox 133 1467 237 1524; x_wconf 88' lang='lat' dir='ltr'>cladem</span> <span class='ocrx_word' id='word_1_101' title='bbox 252 1467 330 1523; x_wconf 89' lang='lat' dir='ltr'>illius</span> <span class='ocrx_word' id='word_1_102' title='bbox 346 1465 447 1535; x_wconf 87' lang='lat' dir='ltr'>noctis,</span> <span class='ocrx_word' id='word_1_103' title='bbox 463 1466 524 1543; x_wconf 88' lang='lat' dir='ltr'>quis</span> <span class='ocrx_word' id='word_1_104' title='bbox 539 1467 638 1523; x_wconf 86' lang='lat' dir='ltr'>funera</span> <span class='ocrx_word' id='word_1_105' title='bbox 653 1466 738 1522; x_wconf 87' lang='lat' dir='ltr'>fando</span> 
     </span>
     <span class='ocr_line' id='line_1_18' title="bbox 80 1545 765 1624; baseline 0.006 -26"><span class='ocrx_word' id='word_1_106' title='bbox 80 1545 184 1619; x_wconf 82' lang='lat' dir='ltr'>explicet,</span> <span class='ocrx_word' id='word_1_107' title='bbox 200 1563 248 1605; x_wconf 87' lang='lat' dir='ltr'>aut</span> <span class='ocrx_word' id='word_1_108' title='bbox 263 1546 350 1624; x_wconf 88' lang='lat' dir='ltr'>possit</span> <span class='ocrx_word' id='word_1_109' title='bbox 366 1546 487 1603; x_wconf 89' lang='lat' dir='ltr'>lacrimis</span> <span class='ocrx_word' id='word_1_110' title='bbox 503 1568 620 1624; x_wconf 85' lang='lat' dir='ltr'>aequare</span> <span class='ocrx_word' id='word_1_111' title='bbox 636 1547 765 1603; x_wconf 82' lang='lat' dir='ltr'>labores?</span> 
     </span>
     <span class='ocr_line' id='line_1_19' title="bbox 81 1623 793 1704; baseline 0.01 -27"><span class='ocrx_word' id='word_1_112' title='bbox 81 1623 125 1682; x_wconf 83' lang='lat' dir='ltr'>urbs</span> <span class='ocrx_word' id='word_1_113' title='bbox 136 1628 246 1704; x_wconf 88' lang='lat' dir='ltr'>antiqua</span> <span class='ocrx_word' id='word_1_114' title='bbox 260 1627 328 1696; x_wconf 88' lang='lat' dir='ltr'>ruit,</span> <span class='ocrx_word' id='word_1_115' title='bbox 344 1628 448 1684; x_wconf 91' lang='lat' dir='ltr'>multos</span> <span class='ocrx_word' id='word_1_116' title='bbox 463 1627 607 1685; x_wconf 90' lang='lat' dir='ltr'>dominata</span> <span class='ocrx_word' id='word_1_117' title='bbox 621 1648 671 1704; x_wconf 89' lang='lat' dir='ltr'>per</span> <span class='ocrx_word' id='word_1_118' title='bbox 685 1648 772 1684; x_wconf 89' lang='lat' dir='ltr'>annos</span> <span class='ocrx_word' id='word_1_119' title='bbox 787 1650 793 1684; x_wconf 78' lang='grc' dir='ltr'>ε</span> 
     </span>
     <span class='ocr_line' id='line_1_20' title="bbox 81 1703 807 1786; baseline 0.004 -25"><span class='ocrx_word' id='word_1_120' title='bbox 81 1703 172 1776; x_wconf 87' lang='lat' dir='ltr'>plurima</span> <span class='ocrx_word' id='word_1_121' title='bbox 185 1728 293 1786; x_wconf 87' lang='lat' dir='ltr'>perque</span> <span class='ocrx_word' id='word_1_122' title='bbox 309 1707 365 1780; x_wconf 83' lang='lat' dir='ltr'>vias</span> <span class='ocrx_word' id='word_1_123' title='bbox 381 1723 544 1765; x_wconf 87' lang='lat' dir='ltr'>sternuntur</span> <span class='ocrx_word' id='word_1_124' title='bbox 559 1708 660 1765; x_wconf 89' lang='lat' dir='ltr'>inertia</span> <span class='ocrx_word' id='word_1_125' title='bbox 675 1708 775 1784; x_wconf 90' lang='lat' dir='ltr'>passim</span> <span class='ocrx_word' id='word_1_126' title='bbox 804 1750 807 1757; x_wconf 85' lang='lat'><em>-</em></span> 
     </span>
     <span class='ocr_line' id='line_1_21' title="bbox 81 1789 725 1866; baseline 0.008 -26"><span class='ocrx_word' id='word_1_127' title='bbox 81 1801 176 1861; x_wconf 90' lang='lat' dir='ltr'>corpora,</span> <span class='ocrx_word' id='word_1_128' title='bbox 190 1808 296 1866; x_wconf 88' lang='lat' dir='ltr'>perque</span> <span class='ocrx_word' id='word_1_129' title='bbox 312 1789 409 1847; x_wconf 91' lang='lat' dir='ltr'>domos</span> <span class='ocrx_word' id='word_1_130' title='bbox 425 1805 452 1845; x_wconf 93' lang='lat' dir='ltr'>et</span> <span class='ocrx_word' id='word_1_131' title='bbox 467 1789 594 1863; x_wconf 88' lang='lat' dir='ltr'>religiosa</span> <span class='ocrx_word' id='word_1_132' title='bbox 608 1789 725 1845; x_wconf 91' lang='lat' dir='ltr'>deorum</span> 
     </span>
     <span class='ocr_line' id='line_1_22' title="bbox 81 1862 818 1944; baseline 0.001 -21"><span class='ocrx_word' id='word_1_133' title='bbox 81 1862 161 1926; x_wconf 77' lang='lat' dir='ltr'>luffa.</span> <span class='ocrx_word' id='word_1_134' title='bbox 199 1890 253 1927; x_wconf 90' lang='lat' dir='ltr'>nec</span> <span class='ocrx_word' id='word_1_135' title='bbox 270 1869 321 1926; x_wconf 90' lang='lat' dir='ltr'>soli</span> <span class='ocrx_word' id='word_1_136' title='bbox 337 1890 440 1944; x_wconf 90' lang='lat' dir='ltr'>poenas</span> <span class='ocrx_word' id='word_1_137' title='bbox 455 1870 523 1927; x_wconf 90' lang='lat' dir='ltr'>dant</span> <span class='ocrx_word' id='word_1_138' title='bbox 539 1870 673 1943; x_wconf 88' lang='lat' dir='ltr'>sanguine</span> <span class='ocrx_word' id='word_1_139' title='bbox 689 1869 796 1926; x_wconf 88' lang='lat' dir='ltr'>Teucri</span> <span class='ocrx_word' id='word_1_140' title='bbox 811 1894 818 1936; x_wconf 83' lang='lat'>3</span> 
     </span>
     <span class='ocr_line' id='line_1_23' title="bbox 81 1949 816 2026; baseline 0.005 -24"><span class='ocrx_word' id='word_1_141' title='bbox 81 1949 192 2020; x_wconf 87' lang='lat' dir='ltr'>quondam</span> <span class='ocrx_word' id='word_1_142' title='bbox 207 1951 294 2007; x_wconf 91' lang='lat' dir='ltr'>etiam</span> <span class='ocrx_word' id='word_1_143' title='bbox 309 1950 392 2007; x_wconf 90' lang='lat' dir='ltr'>victis</span> <span class='ocrx_word' id='word_1_144' title='bbox 407 1951 480 2007; x_wconf 88' lang='lat' dir='ltr'>redit</span> <span class='ocrx_word' id='word_1_145' title='bbox 495 1950 528 2014; x_wconf 81' lang='lat' dir='ltr'>in¹</span> <span class='ocrx_word' id='word_1_146' title='bbox 539 1950 703 2026; x_wconf 89' lang='lat' dir='ltr'>praecordia</span> <span class='ocrx_word' id='word_1_147' title='bbox 718 1950 816 2018; x_wconf 86' lang='lat' dir='ltr'>virtus,</span> 
     </span>
     <span class='ocr_line' id='line_1_24' title="bbox 81 2024 754 2108; baseline 0.009 -28"><span class='ocrx_word' id='word_1_148' title='bbox 81 2024 228 2108; x_wconf 69' lang='lat' dir='ltr'>lictoresque</span> <span class='ocrx_word' id='word_1_149' title='bbox 244 2030 351 2088; x_wconf 89' lang='lat' dir='ltr'>cadunt</span> <span class='ocrx_word' id='word_1_150' title='bbox 366 2031 467 2088; x_wconf 89' lang='lat' dir='ltr'>Danai.</span> <span class='ocrx_word' id='word_1_151' title='bbox 511 2030 633 2088; x_wconf 87' lang='lat' dir='ltr'>crudelis</span> <span class='ocrx_word' id='word_1_152' title='bbox 649 2031 754 2107; x_wconf 90' lang='lat' dir='ltr'>ubique</span> 
     </span>
     <span class='ocr_line' id='line_1_25' title="bbox 81 2103 796 2190; baseline 0.008 -29"><span class='ocrx_word' id='word_1_153' title='bbox 81 2103 157 2180; x_wconf 87' lang='lat' dir='ltr'>luctus,</span> <span class='ocrx_word' id='word_1_154' title='bbox 170 2112 275 2190; x_wconf 91' lang='lat' dir='ltr'>ubique</span> <span class='ocrx_word' id='word_1_155' title='bbox 290 2132 385 2187; x_wconf 91' lang='lat' dir='ltr'>pavor,</span> <span class='ocrx_word' id='word_1_156' title='bbox 401 2127 429 2168; x_wconf 90' lang='lat' dir='ltr'>et</span> <span class='ocrx_word' id='word_1_157' title='bbox 444 2111 567 2187; x_wconf 88' lang='lat' dir='ltr'>plurima</span> <span class='ocrx_word' id='word_1_158' title='bbox 582 2111 680 2168; x_wconf 89' lang='lat' dir='ltr'>mortis</span> <span class='ocrx_word' id='word_1_159' title='bbox 695 2111 796 2185; x_wconf 86' lang='lat' dir='ltr'>imago.</span> 
     </span>
     <span class='ocr_line' id='line_1_26' title="bbox 107 2191 915 2266; baseline 0 -20"><span class='ocrx_word' id='word_1_160' title='bbox 107 2191 199 2263; x_wconf 87' lang='lat' dir='ltr'>primus</span> <span class='ocrx_word' id='word_1_161' title='bbox 214 2213 251 2262; x_wconf 88' lang='lat' dir='ltr'>se,</span> <span class='ocrx_word' id='word_1_162' title='bbox 268 2192 402 2249; x_wconf 88' lang='lat' dir='ltr'>Danaum</span> <span class='ocrx_word' id='word_1_163' title='bbox 418 2212 519 2266; x_wconf 92' lang='lat' dir='ltr'>magna</span> <span class='ocrx_word' id='word_1_164' title='bbox 535 2192 689 2248; x_wconf 89' lang='lat' dir='ltr'>comitante</span> <span class='ocrx_word' id='word_1_165' title='bbox 706 2208 826 2260; x_wconf 89' lang='lat' dir='ltr'>caterva,</span> <span class='ocrx_word' id='word_1_166' title='bbox 878 2221 915 2257; x_wconf 83' lang='lat'>370</span> 
     </span>
     <span class='ocr_line' id='line_1_27' title="bbox 80 2265 769 2354; baseline 0 -26"><span class='ocrx_word' id='word_1_167' title='bbox 80 2265 216 2354; x_wconf 65' lang='lat' dir='ltr'>dnbogeos</span> <span class='ocrx_word' id='word_1_168' title='bbox 231 2273 315 2330; x_wconf 90' lang='lat' dir='ltr'>offert</span> <span class='ocrx_word' id='word_1_169' title='bbox 331 2273 420 2342; x_wconf 90' lang='lat' dir='ltr'>nobis,</span> <span class='ocrx_word' id='word_1_170' title='bbox 436 2273 510 2329; x_wconf 90' lang='lat' dir='ltr'>socia</span> <span class='ocrx_word' id='word_1_171' title='bbox 525 2273 637 2347; x_wconf 88' lang='lat' dir='ltr'>agmina</span> <span class='ocrx_word' id='word_1_172' title='bbox 653 2272 769 2328; x_wconf 90' lang='lat' dir='ltr'>credens</span> 
     </span>
     <span class='ocr_line' id='line_1_28' title="bbox 80 2352 766 2431; baseline 0.01 -29"><span class='ocrx_word' id='word_1_173' title='bbox 80 2352 167 2423; x_wconf 78' lang='lat' dir='ltr'>inscius,</span> <span class='ocrx_word' id='word_1_174' title='bbox 181 2370 265 2431; x_wconf 92' lang='lat' dir='ltr'>atque</span> <span class='ocrx_word' id='word_1_175' title='bbox 282 2353 356 2410; x_wconf 89' lang='lat' dir='ltr'>ultro</span> <span class='ocrx_word' id='word_1_176' title='bbox 373 2353 461 2410; x_wconf 90' lang='lat' dir='ltr'>verbis</span> <span class='ocrx_word' id='word_1_177' title='bbox 479 2354 633 2428; x_wconf 87' lang='lat' dir='ltr'>compellat</span> <span class='ocrx_word' id='word_1_178' title='bbox 649 2352 766 2409; x_wconf 88' lang='lat' dir='ltr'>amicis:</span> 
     </span>
     <span class='ocr_line' id='line_1_29' title="bbox 69 2426 754 2511; baseline 0.007 -28"><span class='ocrx_word' id='word_1_179' title='bbox 69 2426 193 2504; x_wconf 59' lang='lat' dir='ltr'>‘festinata</span> <span class='ocrx_word' id='word_1_180' title='bbox 208 2434 273 2491; x_wconf 88' lang='lat' dir='ltr'>viri.</span> <span class='ocrx_word' id='word_1_181' title='bbox 315 2453 380 2490; x_wconf 90' lang='lat' dir='ltr'>nam</span> <span class='ocrx_word' id='word_1_182' title='bbox 396 2455 466 2511; x_wconf 92' lang='lat' dir='ltr'>quae</span> <span class='ocrx_word' id='word_1_183' title='bbox 484 2449 540 2490; x_wconf 90' lang='lat' dir='ltr'>tam</span> <span class='ocrx_word' id='word_1_184' title='bbox 557 2454 616 2490; x_wconf 88' lang='lat' dir='ltr'>sera</span> <span class='ocrx_word' id='word_1_185' title='bbox 631 2449 754 2490; x_wconf 89' lang='lat' dir='ltr'>moratur</span> 
     </span>
     <span class='ocr_line' id='line_1_30' title="bbox 80 2512 700 2591; baseline 0.003 -23"><span class='ocrx_word' id='word_1_186' title='bbox 80 2512 205 2584; x_wconf 76' lang='lat' dir='ltr'>segnities?</span> <span class='ocrx_word' id='word_1_187' title='bbox 226 2513 274 2571; x_wconf 90' lang='lat' dir='ltr'>alii</span> <span class='ocrx_word' id='word_1_188' title='bbox 289 2514 402 2589; x_wconf 90' lang='lat' dir='ltr'>rapiunt</span> <span class='ocrx_word' id='word_1_189' title='bbox 418 2514 533 2571; x_wconf 87' lang='lat' dir='ltr'>incensa</span> <span class='ocrx_word' id='word_1_190' title='bbox 550 2515 700 2591; x_wconf 88' lang='lat' dir='ltr'>feruntque</span> 
     </span>
     <span class='ocr_line' id='line_1_31' title="bbox 82 2585 870 2671; baseline 0.006 -25"><span class='ocrx_word' id='word_1_191' title='bbox 82 2585 210 2667; x_wconf 82' lang='lat' dir='ltr'>Pergama3</span> <span class='ocrx_word' id='word_1_192' title='bbox 232 2615 282 2651; x_wconf 92' lang='lat' dir='ltr'>vos</span> <span class='ocrx_word' id='word_1_193' title='bbox 297 2595 377 2651; x_wconf 90' lang='lat' dir='ltr'>celsis</span> <span class='ocrx_word' id='word_1_194' title='bbox 393 2616 468 2652; x_wconf 89' lang='lat' dir='ltr'>nunc</span> <span class='ocrx_word' id='word_1_195' title='bbox 486 2594 610 2671; x_wconf 91' lang='lat' dir='ltr'>primum</span> <span class='ocrx_word' id='word_1_196' title='bbox 627 2617 641 2650; x_wconf 88' lang='lat' dir='ltr'>a</span> <span class='ocrx_word' id='word_1_197' title='bbox 656 2594 774 2651; x_wconf 89' lang='lat' dir='ltr'>navibus</span> <span class='ocrx_word' id='word_1_198' title='bbox 788 2594 834 2651; x_wconf 90' lang='lat' dir='ltr'>itis</span> <span class='ocrx_word' id='word_1_199' title='bbox 847 2593 870 2651; x_wconf 90' lang='lat'>!&#39;</span> 
     </span>
     <span class='ocr_line' id='line_1_32' title="bbox 81 2667 883 2754; baseline 0.006 -30"><span class='ocrx_word' id='word_1_200' title='bbox 81 2667 150 2740; x_wconf 80' lang='lat' dir='ltr'>dirit3</span> <span class='ocrx_word' id='word_1_201' title='bbox 169 2693 195 2733; x_wconf 96' lang='lat' dir='ltr'>et</span> <span class='ocrx_word' id='word_1_202' title='bbox 210 2675 491 2754; x_wconf 80' lang='lat' dir='ltr'>extemplo—neque</span> <span class='ocrx_word' id='word_1_203' title='bbox 508 2676 585 2732; x_wconf 90' lang='lat' dir='ltr'>enim</span> <span class='ocrx_word' id='word_1_204' title='bbox 601 2696 731 2750; x_wconf 89' lang='lat' dir='ltr'>responsa</span> <span class='ocrx_word' id='word_1_205' title='bbox 745 2675 883 2731; x_wconf 89' lang='lat' dir='ltr'>dabantur</span> 
     </span>
     <span class='ocr_line' id='line_1_33' title="bbox 83 2746 740 2832; baseline 0.009 -25"><span class='ocrx_word' id='word_1_206' title='bbox 83 2746 119 2807; x_wconf 80' lang='lat' dir='ltr'>fids</span> <span class='ocrx_word' id='word_1_207' title='bbox 130 2756 314 2813; x_wconf 83' lang='lat' dir='ltr'>satis—sensit</span> <span class='ocrx_word' id='word_1_208' title='bbox 329 2757 435 2813; x_wconf 90' lang='lat' dir='ltr'>medios</span> <span class='ocrx_word' id='word_1_209' title='bbox 449 2757 578 2832; x_wconf 90' lang='lat' dir='ltr'>delapsus</span> <span class='ocrx_word' id='word_1_210' title='bbox 594 2757 623 2812; x_wconf 90' lang='lat' dir='ltr'>in</span> <span class='ocrx_word' id='word_1_211' title='bbox 638 2757 740 2813; x_wconf 88' lang='lat' dir='ltr'>hostes.</span> 
     </span>
     <span class='ocr_line' id='line_1_34' title="bbox 83 2833 780 2913; baseline 0.004 -24"><span class='ocrx_word' id='word_1_212' title='bbox 83 2848 94 2882; x_wconf 93' lang='lat'>0</span> <span class='ocrx_word' id='word_1_213' title='bbox 117 2833 198 2910; x_wconf 81' lang='lat' dir='ltr'>tipuit,</span> <span class='ocrx_word' id='word_1_214' title='bbox 213 2853 343 2913; x_wconf 90' lang='lat' dir='ltr'>retroque</span> <span class='ocrx_word' id='word_1_215' title='bbox 359 2838 459 2912; x_wconf 90' lang='lat' dir='ltr'>pedem</span> <span class='ocrx_word' id='word_1_216' title='bbox 476 2858 542 2893; x_wconf 88' lang='lat' dir='ltr'>cum</span> <span class='ocrx_word' id='word_1_217' title='bbox 559 2859 627 2894; x_wconf 92' lang='lat' dir='ltr'>voce</span> <span class='ocrx_word' id='word_1_218' title='bbox 642 2836 780 2913; x_wconf 88' lang='lat' dir='ltr'>repressit.</span> 
     </span>
     <span class='ocr_line' id='line_1_35' title="bbox 105 2916 773 2994; baseline 0.007 -26"><span class='ocrx_word' id='word_1_219' title='bbox 105 2916 227 2985; x_wconf 85' lang='lat' dir='ltr'>provisum</span> <span class='ocrx_word' id='word_1_220' title='bbox 242 2919 331 2993; x_wconf 87' lang='lat' dir='ltr'>aspris</span> <span class='ocrx_word' id='word_1_221' title='bbox 346 2918 433 2975; x_wconf 89' lang='lat' dir='ltr'>veluti</span> <span class='ocrx_word' id='word_1_222' title='bbox 449 2919 496 2994; x_wconf 90' lang='lat' dir='ltr'>qui</span> <span class='ocrx_word' id='word_1_223' title='bbox 514 2919 637 2975; x_wconf 90' lang='lat' dir='ltr'>sentibus</span> <span class='ocrx_word' id='word_1_224' title='bbox 653 2937 773 2992; x_wconf 89' lang='lat' dir='ltr'>anguem</span> 
     </span>
     <span class='ocr_line' id='line_1_36' title="bbox 85 2995 917 3075; baseline 0.011 -32"><span class='ocrx_word' id='word_1_225' title='bbox 85 2995 156 3061; x_wconf 85' lang='lat' dir='ltr'>pressit</span> <span class='ocrx_word' id='word_1_226' title='bbox 170 2998 246 3054; x_wconf 91' lang='lat' dir='ltr'>humi</span> <span class='ocrx_word' id='word_1_227' title='bbox 264 2997 368 3067; x_wconf 90' lang='lat' dir='ltr'>nitens,</span> <span class='ocrx_word' id='word_1_228' title='bbox 383 2999 563 3075; x_wconf 92' lang='lat' dir='ltr'>trepidusque</span> <span class='ocrx_word' id='word_1_229' title='bbox 580 3015 695 3074; x_wconf 88' lang='lat' dir='ltr'>repente</span> <span class='ocrx_word' id='word_1_230' title='bbox 711 3019 739 3053; x_wconf 90' lang='lat' dir='ltr'>re</span> <span class='ocrx_word' id='word_1_231' title='bbox 755 2997 815 3071; x_wconf 89' lang='lat' dir='ltr'>ugit</span> <span class='ocrx_word' id='word_1_232' title='bbox 881 3013 917 3060; x_wconf 82' lang='lat'>380</span> 
     </span>
     <span class='ocr_line' id='line_1_37' title="bbox 86 2999 785 3218; baseline 0.003 -85"><span class='ocrx_word' id='word_1_233' title='bbox 86 3075 233 3142; x_wconf 61' lang='lat' dir='ltr'>{pollentem</span> <span class='ocrx_word' id='word_1_234' title='bbox 249 3077 313 3147; x_wconf 89' lang='lat' dir='ltr'>iras,</span> <span class='ocrx_word' id='word_1_235' title='bbox 329 3094 356 3135; x_wconf 92' lang='lat' dir='ltr'>et</span> <span class='ocrx_word' id='word_1_236' title='bbox 371 3080 481 3136; x_wconf 90' lang='lat' dir='ltr'>caerula</span> <span class='ocrx_word' id='word_1_237' title='bbox 496 3080 568 3135; x_wconf 87' lang='lat' dir='ltr'>colla</span> <span class='ocrx_word' id='word_1_238' title='bbox 584 2999 785 3218; x_wconf 53' lang='lat' dir='ltr'>tumentem}</span> 
     </span>
    </p>
   </div>
   <div class='ocr_carea' id='block_1_4' title="bbox 87 3145 797 3312">
    <p class='ocr_par' dir='ltr' id='par_1_4' title="bbox 87 3145 797 3312">
     <span class='ocr_line' id='line_1_38' title="bbox 87 3145 797 3233; baseline 0.017 -26"><span class='ocrx_word' id='word_1_239' title='bbox 87 3145 140 3210; x_wconf 83' lang='lat' dir='ltr'>haud</span> <span class='ocrx_word' id='word_1_240' title='bbox 152 3177 222 3215; x_wconf 86' lang='lat' dir='ltr'>secus</span> <span class='ocrx_word' id='word_1_241' title='bbox 237 3158 403 3233; x_wconf 89' lang='lat' dir='ltr'>Androgeos</span> <span class='ocrx_word' id='word_1_242' title='bbox 419 3161 477 3216; x_wconf 88' lang='lat' dir='ltr'>visu</span> <span class='ocrx_word' id='word_1_243' title='bbox 495 3160 676 3219; x_wconf 84' lang='lat' dir='ltr'>tremefactus</span> <span class='ocrx_word' id='word_1_244' title='bbox 693 3150 737 3219; x_wconf 87' lang='lat' dir='ltr'>abi</span> <span class='ocrx_word' id='word_1_245' title='bbox 761 3175 797 3219; x_wconf 88' lang='lat' dir='ltr'>at.</span> 
     </span>
     <span class='ocr_line' id='line_1_39' title="bbox 371 3257 543 3312; baseline 0.041 -15"><span class='ocrx_word' id='word_1_246' title='bbox 371 3266 418 3312; x_wconf 77' lang='lat'>349</span> <span class='ocrx_word' id='word_1_247' title='bbox 435 3257 543 3305; x_wconf 81' lang='lat' dir='ltr'>audendi.</span> 
     </span>
    </p>
   </div>
   <div class='ocr_carea' id='block_1_5' title="bbox 83 3317 143 3357">
    <p class='ocr_par' dir='ltr' id='par_1_5' title="bbox 83 3317 143 3357">
     <span class='ocr_line' id='line_1_40' title="bbox 83 3317 143 3357; baseline 0.083 -5"><span class='ocrx_word' id='word_1_248' title='bbox 83 3317 121 3357; x_wconf 57' lang='grc' dir='ltr'>ἴθι,</span> <span class='ocrx_word' id='word_1_249' title='bbox 133 3327 143 3357; x_wconf 99' lang='grc' dir='ltr'><em>Ι</em></span> 
     </span>
    </p>
   </div>
   <div class='ocr_carea' id='block_1_6' title="bbox 0 0 1012 3614">
    <p class='ocr_par' dir='ltr' id='par_1_6' title="bbox 0 0 1012 3614">
     <span class='ocr_line' id='line_1_41' title="bbox 0 0 1012 3614; baseline 0 0"><span class='ocrx_word' id='word_1_250' title='bbox 0 0 1012 3614; x_wconf 95' lang='lat' dir='ltr'> </span> 
     </span>
    </p>
   </div>
  </div>
 </body>
</html>
