2002 3614
78 181 122 228 108
352 183 378 230 P.
396 181 539 230 VERGILI
556 179 715 229 MARONIS

155 313 301 404 extemplo
316 312 405 370 socios
419 313 603 391 primumque
618 312 734 371 arcessit
747 313 885 404 Acesten,

115 409 143 450 et
159 393 256 450 Iovis
249 393 403 470 rmperium
418 409 447 450 et
462 393 520 451 cari
534 410 686 471 praecepta
701 393 830 470 parentis

115 474 226 544 edocet,
242 490 271 531 et
285 495 358 551 quae
374 495 452 532 nunc
465 475 561 532 animo
576 474 719 533 sententia
734 489 858 532 constet.

114 555 192 611 haud
207 575 285 611 mora
301 555 438 626 consiliis,
454 576 507 613 nec
523 555 596 613 iussa
611 570 724 613 recusat
737 556 866 613 Acestes.

115 635 310 692 transcribunt
326 636 388 693 urbi
404 651 518 707 matres,
533 636 733 713 populumque
748 636 899 693 volentem
944 665 984 704 7⁵0

114 716 275 792 deponunt,
291 716 400 774 animos
416 717 458 774 nil
474 737 594 792 magnae
609 717 701 774 laudis
717 731 844 790 egentes.

114 796 168 872 ipsi
184 812 305 854 transtra
321 814 438 869 novant,
455 797 635 875 flammisque
651 797 763 854 ambesa
779 812 928 874 reponunt

114 877 214 934 robora
230 876 359 951 navigiis,
374 893 474 955 aptant
488 898 639 956 remosque
654 877 858 954 audentesque,

114 958 209 1031 exigui
225 978 356 1027 numero,
371 958 420 1015 sed
435 959 514 1016 bello
528 959 623 1016 vivida
638 957 735 1015 virtus.

114 1038 224 1095 interea
238 1040 350 1095 Aeneas
365 1040 466 1096 urbem
480 1039 611 1114 designat
626 1053 727 1106 aratr0,

114 1119 288 1196 sortiturque
303 1120 421 1189 domos3
442 1121 497 1177 hoc
510 1120 608 1190 Ilium,
624 1137 653 1176 et
667 1120 737 1175 haec
753 1118 818 1175 loca
834 1118 957 1177 Troiam

115 1220 173 1257 esse
188 1200 278 1257 iubet.
320 1200 426 1274 gaudet
440 1220 529 1274 regno
545 1199 690 1257 Troianus
704 1199 832 1269 Acestes,

114 1280 276 1371 indicitque
292 1280 398 1371 forum,
413 1296 441 1338 ct
456 1280 584 1372 patribus
599 1279 670 1337 dat
663 1299 723 1335 rura
737 1279 857 1338 vocatis.

115 1376 177 1418 tum
192 1361 288 1418 vicina
303 1361 382 1417 astris
398 1359 546 1436 Erycino
537 1381 569 1417 m
584 1360 692 1417 vertice
707 1359 788 1416 sedes

115 1442 253 1498 fundatur
268 1441 376 1499 Veneri
392 1441 510 1511 idaliae,
526 1441 698 1520 tumuloque
713 1440 845 1498 sacerdos
945 1460 984 1508 760

115 1543 146 1580 ac
162 1522 245 1579 lucus
261 1523 318 1579 late
333 1542 412 1579 sacer
426 1521 542 1579 additur
556 1521 710 1578 Anchiseo.

115 1603 229 1679 iamque
245 1603 305 1660 dies
320 1603 433 1679 epulata
449 1622 555 1660 novem
568 1622 636 1677 gens
652 1600 754 1672 omnis,
771 1616 800 1659 et
815 1601 871 1658 aris

116 1683 207 1740 factus
223 1685 332 1752 hon0s3
353 1682 461 1760 placidi
476 1697 638 1741 straverunt
652 1702 775 1759 aequora
789 1681 880 1753 venti,

115 1764 215 1820 creber
230 1779 258 1821 et
273 1763 417 1839 adspirans
433 1784 528 1820 rursus
544 1778 626 1820 vocat
639 1762 767 1820 Auster
759 1782 790 1818 m
806 1763 909 1821 altum.

116 1844 243 1900 exoritur
257 1863 397 1920 procurva
412 1843 513 1918 ingens
528 1864 580 1920 per
594 1844 678 1900 litora
692 1841 796 1913 fletus;

116 1924 283 2000 complexi
276 1940 351 1981 mter
365 1945 393 1981 se
409 1940 583 2001 noctemque
598 1924 733 2000 diemque
748 1941 909 1982 morantur.

116 2005 192 2096 ipsae
208 2005 264 2062 iarn
280 2023 391 2075 matres,
408 2004 471 2081 ipsi,
486 2005 590 2082 quibus
606 2025 702 2081 aspera
717 2004 865 2081 quondam

115 2086 174 2143 visa
189 2086 272 2142 maris
288 2085 375 2142 facies
391 2102 420 2142 et
434 2106 493 2142 non
510 2085 660 2143 tolerabile
675 2104 794 2153 numen,

116 2167 156 2223 ire
171 2168 283 2237 volunt,
299 2186 472 2242 omnemque
488 2166 572 2239 fugae
586 2166 712 2242 perferre
728 2165 867 2223 laborem.

116 2268 184 2323 quos
200 2248 292 2304 bonus
306 2249 418 2304 Aeneas
433 2246 517 2304 dictis
533 2248 640 2303 solatur
655 2245 762 2316 amicis,
941 2274 980 2312 ⁷70

117 2344 145 2384 et
161 2328 371 2402 consanguineo
386 2327 538 2384 lacrimans
552 2326 736 2384 commendat
750 2327 882 2384 Acestae.

117 2423 172 2464 tres
189 2409 273 2484 Eryci
289 2408 393 2465 vitulos
409 2424 437 2465 et
452 2407 688 2484 Tempestatibus
703 2426 803 2481 agnam

116 2488 232 2544 caedere
247 2489 351 2545 deinde
366 2488 456 2558 iubet,
471 2488 599 2564 solvique
614 2508 648 2544 ex
664 2487 763 2543 ordine
778 2486 892 2545 funem.

117 2569 184 2643 ipse,
201 2585 286 2644 caput
301 2585 396 2625 tonsae
411 2568 486 2625 foliis
501 2568 630 2625 evinctus
646 2568 746 2636 olivae,

117 2665 193 2705 stans
207 2650 329 2725 procul
322 2670 351 2705 m
367 2670 449 2725 prora
464 2664 589 2739 pateram
605 2664 693 2717 tenet,
709 2664 831 2724 extaque
847 2648 928 2704 salsos

117 2730 219 2804 proicit
234 2730 263 2785 in
279 2729 393 2797 fluctus,
408 2749 438 2784 ac
456 2729 522 2784 vina
537 2728 676 2804 liquentia
691 2727 796 2785 fundit.

117 2810 296 2901 prosequitur
310 2829 425 2900 surgens
439 2829 455 2865 a
470 2809 558 2885 puppi
573 2825 675 2864 ventus
690 2824 800 2865 euntes.

117 2891 248 2946 certatim
264 2891 331 2946 socir
325 2890 453 2947 'feriunt
469 2907 553 2955 mare,
570 2903 598 2942 et
614 2909 734 2965 aequora
748 2904 876 2946 verrunt.

159 2987 185 3027 at
200 2970 322 3027 Venus
314 2987 424 3028 interea
440 2972 613 3046 Neptunum
629 2968 753 3026 exercita
769 2968 844 3024 curis

118 3051 289 3126 adloquitur,
306 3051 433 3128 talesque
448 3053 572 3110 effundit
586 3067 701 3129 pectore
716 3065 850 3125 questus:
941 3064 980 3114 780

99 3131 237 3187 ‘lunonis
251 3130 339 3205 gravis
355 3131 394 3187 ira
410 3153 462 3190 nec
479 3132 665 3190 exsaturabile
680 3145 779 3206 pectus

447 3225 492 3283 768
511 3241 606 3272 nomen.
