2002 3614
73 174 102 219 82

341 174 367 220 P.
386 171 525 220 VERGILI
544 173 700 222 MARONIS

113 302 200 359 saevit
216 322 302 372 amor,
318 321 479 377 magnoque
494 300 598 358 irarum
614 301 734 360 fluctuat
749 320 837 362 aestu.

111 383 150 440 sic
166 383 237 440 adeo
252 381 366 451 insistit,
382 402 537 458 secumque
552 382 591 438 ita
607 383 693 441 corde
708 385 820 442 volutat
834 408 840 443 :

93 469 156 533 ‘en,
172 462 241 540 quid
257 467 330 536 ago?
352 483 483 519 rursusne
498 483 599 538 procos
614 463 699 520 inrisa
714 465 820 541 priores

112 543 249 620 experiar,
266 542 492 620 Nomadumque
507 560 605 619 petam
621 545 744 602 conubia
760 547 888 623 supplex,

111 646 181 702 quos
197 645 248 699 ego
264 624 316 680 sim
333 623 437 680 totiens
453 623 510 680 iam
526 623 679 698 dedignata
695 626 833 684 maritos?

111 706 212 762 Iliacas
228 705 313 779 igitur
328 705 427 761 classes
443 720 529 781 atque
544 705 645 761 ultima
662 707 811 764 Teucrum

112 787 184 843 iussa
199 790 321 863 sequar?
343 785 447 862 quiane
463 785 571 842 auxilio
586 785 665 842 iuvat
680 803 747 844 ante
762 788 881 860 levatos,

113 883 141 924 et
156 868 230 923 bene
246 866 322 942 apud
338 886 477 922 memores
493 866 596 922 veteris
611 882 666 924 stat
681 868 769 941 gratia
784 869 876 927 facti?

112 948 175 1024 quis
189 968 234 1004 me
250 963 355 1016 autem,
372 946 416 1003 fac
432 947 518 1016 velle,
535 947 618 1017 sinet,
635 948 778 1005 ratibusve
794 950 918 1026 superbis

113 1028 232 1084 invisam
248 1027 392 1103 accipiet?
415 1026 506 1083 nescis
520 1029 586 1097 heu,
602 1029 722 1104 perdita,
739 1030 867 1088 necdum

113 1108 345 1165 Laomedonteae
361 1107 448 1164 sentis
463 1107 587 1183 periuria
602 1109 717 1182 gentis?

113 1189 183 1266 quid
198 1193 282 1246 tum?
302 1189 361 1245 sola
377 1188 442 1262 fuga
459 1204 559 1245 nautas
574 1189 732 1246 comitabor
747 1197 890 1250 ovantes?

114 1292 149 1327 an
165 1270 257 1346 Tyriis
272 1269 409 1345 omnique
426 1288 512 1325 manu
529 1269 631 1345 stipata
647 1290 777 1328 meorum

114 1351 227 1421 inferar,
244 1366 281 1422 et,
297 1370 366 1427 quos
383 1348 500 1406 Sidonia
515 1349 562 1406 vix
579 1351 648 1407 urbe
664 1352 774 1421 revelli,

110 1440 206 1489 'rursus
222 1451 299 1506 agam
314 1430 425 1507 pelago,
443 1444 471 1486 et
486 1430 579 1487 ventis
595 1431 661 1488 dare
677 1433 740 1488 vela
756 1433 888 1491 iubebo?

114 1513 183 1590 quin
199 1532 318 1581 morere,
335 1522 366 1567 ut
381 1509 481 1567 merita
498 1531 535 1580 es,
552 1511 685 1588 ferroque
700 1529 798 1571 averte
813 1515 928 1573 doloren

114 1610 145 1651 tu
160 1593 283 1650 lacrimis
299 1591 391 1649 evicta
406 1591 486 1662 meis,
503 1606 534 1649 tu
549 1591 640 1668 prima
656 1593 803 1650 furentem

114 1674 166 1744 his,
182 1694 325 1748 germana,
341 1672 422 1728 malis
436 1691 546 1742 oneras,
563 1689 648 1749 atque
663 1673 752 1730 obicis
767 1675 855 1733 hosti.

115 1775 173 1811 non
190 1754 272 1812 licuit
287 1753 404 1810 thalami
421 1768 567 1828 expertem
583 1753 644 1810 sine
659 1753 780 1814 crimine
795 1755 888 1814 vitam

115 1835 226 1909 degere,
242 1855 320 1891 more
337 1834 423 1903 ferae,
440 1833 509 1890 tales
525 1854 579 1890 nec
596 1849 711 1908 tangere
727 1856 828 1905 curas;

39 1968 43 1975 .
116 1937 174 1972 non
190 1930 297 1972 servata
312 1914 391 1985 fides,
407 1914 496 1971 cineri
512 1914 648 1990 promissa
665 1916 814 1991 Sychae0.’

116 2013 210 2053 tantos
225 1997 274 2053 illa
289 2016 339 2052 suo
355 1995 505 2071 rumpebat
519 2011 637 2070 pectore
653 2012 777 2072 questus.

154 2078 265 2134 Aeneas
280 2076 355 2133 celsa
371 2075 400 2130 in
416 2075 515 2151 puppi,
532 2075 588 2131 iam
603 2092 696 2132 certus
713 2077 811 2147 eundi,

115 2160 249 2234 carpebat
265 2177 387 2225 somnos,
403 2156 486 2211 rebus
502 2155 558 2212 iam
573 2156 626 2213 rite
641 2157 755 2232 paratis.

115 2239 182 2296 huic
198 2260 226 2295 se
243 2240 333 2295 forma
349 2236 394 2292 dei
410 2236 492 2292 vultu
508 2236 654 2294 redeuntis
670 2238 771 2295 eodem

114 2320 221 2377 obtulit
236 2320 266 2376 in
282 2317 396 2386 somnis,
412 2337 561 2393 rursusque
577 2317 617 2374 ita
630 2317 688 2374 visa
703 2338 823 2376 monere
841 2337 891 2391 est,

115 2401 212 2456 omnia
228 2398 376 2456 Mercurio
391 2397 498 2466 similis,
514 2419 673 2475 vocemque
688 2399 875 2476 coloremque

116 2496 145 2537 et
160 2481 253 2538 crines
268 2480 353 2537 flavos
369 2494 397 2535 et
413 2478 540 2534 membra
555 2479 658 2536 decora
673 2479 809 2538 iuventa:

97 2566 183 2618 ‘nate
198 2562 260 2631 dea,
275 2577 356 2637 potes
371 2561 425 2616 hoc
441 2558 492 2615 sub
507 2578 572 2616 casu
588 2559 692 2616 ducere
707 2566 840 2617 somnos?

117 2662 180 2711 nec,
196 2663 268 2719 quae
285 2659 312 2697 te
329 2640 437 2697 circum
454 2654 530 2695 stent
545 2640 651 2697 deinde
667 2640 805 2716 pericula,
821 2643 924 2712 cernis,

116 2722 243 2792 demens,
260 2742 313 2779 nec
330 2722 480 2796 Zephyros
495 2719 575 2776 audis
590 2720 694 2796 spirare
710 2721 871 2778 secundos?

117 2801 167 2859 illa
182 2803 261 2859 dolos
273 2803 428 2894 dirumque
444 2800 546 2857 nefas
540 2821 569 2857 1n
584 2817 702 2894 pectore
717 2817 820 2872 versat,

117 2900 194 2940 certa
210 2883 290 2953 mori,
306 2883 453 2959 variosque
468 2881 573 2938 irarum
589 2881 716 2939 concitat
731 2897 834 2939 aestus.

119 2983 176 3020 non
193 2964 264 3038 fugis
282 2929 350 3020 hinc
366 2983 509 3039 praeceps
525 2963 594 3020 dum
609 2961 798 3039 praecipitare
813 2977 926 3039 potesta

118 3042 174 3099 iam
189 3065 266 3101 mare
282 3043 386 3101 turbari
403 3043 537 3114 trabibus,
553 3063 703 3119 saevasque
718 3042 831 3099 videbis

118 3125 262 3181 collucere
278 3125 363 3193 faces,
380 3123 436 3179 iam
452 3124 562 3179 fervere
578 3124 661 3180 litora
677 3121 808 3193 flammis,

111 3228 154 3275 541
175 3218 276 3263 inrisam.
313 3229 357 3277 552
376 3215 478 3276 Sychaei.
514 3217 559 3276 564
578 3216 681 3276 varioque
699 3251 704 3262 .
723 3250 729 3263 .
748 3250 754 3263 .
772 3216 869 3262 fluctuat
881 3224 928 3270 aest
