2002 3614
114 185 143 232 86
224 187 250 234 P.
268 185 410 234 VERGILI
428 186 584 234 MARONIS
601 185 768 233 AENEIDOS
786 185 851 232 LIB.
870 186 909 233 1v

152 338 201 393 per
216 317 325 374 medios
340 317 405 387 ruit,
422 337 453 374 ac
470 318 641 375 morientem
657 316 773 373 nomine
789 316 916 374 clamat:

133 399 205 454 ‘hoc
222 397 304 468 illud,
320 418 464 472 germana,
481 398 555 455 fuit?
577 398 738 454 mefraude
752 398 890 473 petebas?

48 472 51 477 ’
151 479 206 534 hoc
222 499 303 552 rogus
318 479 369 535 iste
385 478 465 548 mihi,
482 481 535 535 hoc
552 479 631 553 ignes
647 499 766 554 araeque
782 479 942 553 parabant?

151 558 220 634 quid
236 559 359 634 primum
376 559 485 616 deserta
501 564 620 636 querar?
642 559 817 616 comitemne
833 580 961 624 sororem

152 638 277 714 sprevisti
294 639 436 696 moriens?
479 640 579 697 eadem
595 660 640 696 me
656 639 691 696 ad
708 639 763 696 fata
778 659 927 709 vocasses:

152 719 229 777 idem
245 720 340 776 ambas
355 721 432 777 ferro
447 721 538 791 dolor,
554 736 638 797 atque
656 721 755 776 eadem
770 720 840 775 hora
858 721 978 777 tulisset.

151 799 195 856 his
211 800 296 856 etiam
312 800 400 857 struxi
416 800 558 870 manibus,
575 800 736 877 patriosque
751 799 851 856 vocavi
980 819 993 856 e

151 900 220 936 voce
236 881 312 951 deos,
328 880 367 938 sie
383 897 411 938 te
428 897 459 938 ut
473 882 565 958 posita
581 881 704 938 crudelis
720 880 868 938 abessem?

152 961 287 1017 exstinxti
304 977 331 1018 te
347 982 459 1039 meque,
477 983 562 1032 soror,
577 963 775 1038 populumque
790 978 946 1038 patresque

153 1041 292 1111 Sidonios,
309 1042 467 1119 urbemque
484 1058 572 1101 tuam.
614 1043 680 1100 date
695 1042 814 1098 vulnera
831 1041 959 1118 lymphis

151 1123 265 1179 abluam
281 1139 318 1193 et,
334 1139 477 1180 extremus
495 1123 516 1179 si
533 1123 595 1200 quis
611 1143 694 1199 super
709 1121 815 1178 halitus
831 1139 917 1193 errat,

151 1223 199 1258 orc
215 1203 328 1276 legam?
370 1203 409 1260 sic
426 1204 483 1260 fata
500 1204 601 1278 gradus
618 1218 742 1260 evaserat
757 1202 838 1273 altos,

151 1283 407 1360 semianimemque
423 1283 487 1340 sinu
504 1304 668 1358 germanam
684 1283 815 1358 amplexa
831 1283 949 1340 fovebat

151 1384 218 1421 cum
233 1364 351 1439 gemitu,
366 1379 452 1442 atque
469 1381 543 1421 atros
559 1364 683 1421 siccabat
698 1379 776 1420 veste
792 1383 918 1422 cruores.

151 1444 209 1514 illa,
225 1464 322 1519 graves
337 1445 435 1502 oculos
452 1461 555 1502 conata
570 1445 710 1513 attollere,
727 1464 821 1500 rursus

75 1561 80 1571 -
151 1525 267 1595 deficit3
288 1525 410 1583 infixum
425 1525 520 1582 stridit
536 1526 587 1582 sub
602 1541 718 1601 pectore
733 1524 849 1582 vulnus.

152 1622 195 1663 ter
209 1627 269 1662 sese
285 1607 418 1664 attollens
435 1606 592 1682 cubitoque
607 1605 711 1663 adnixa
725 1605 850 1662 levavit:
978 1624 993 1660 o

151 1703 194 1743 ter
209 1687 338 1744 revoluta
353 1703 415 1743 toro
431 1700 481 1757 est,
497 1686 646 1763 oculisque
663 1684 821 1743 errantibus
837 1687 897 1743 alto

151 1766 291 1843 quaesivit
306 1768 386 1824 caelo
401 1767 506 1836 lucem,
523 1767 722 1844 ingemuitque
738 1782 860 1842 reperta.

192 1863 252 1904 tum
268 1849 342 1904 Iuno
357 1848 550 1924 omnipotens,
567 1847 685 1922 longum
700 1846 833 1903 miserata
848 1847 976 1904 dolorem

151 1928 336 2005 difficilesque
352 1928 456 1999 obitus,
473 1928 542 1984 Irim
558 1927 672 1985 demisit
688 1928 825 2002 Olympo,

151 2030 222 2085 quae
238 2009 398 2066 luctantem
414 2009 540 2066 animam
557 2028 701 2085 nexosque
717 2008 872 2065 resolveret
888 2024 970 2065 artus.

151 2110 226 2160 nam,
242 2090 308 2166 quia
325 2111 377 2146 nec
395 2091 453 2146 fato
468 2089 569 2146 merita
585 2110 639 2146 nec
655 2104 746 2145 morte
762 2089 884 2163 peribat,
903 2085 905 2088 ⁴

151 2171 200 2227 sed
216 2171 316 2227 misera
332 2187 398 2227 ante
414 2171 501 2239 diem,
517 2170 668 2246 subitoque
684 2173 802 2226 accensa
820 2169 924 2237 furore,

152 2252 274 2308 necdum
289 2252 332 2308 illi
348 2251 454 2308 flavum
471 2250 639 2326 Proserpina
653 2249 760 2305 vertice
776 2249 888 2305 crinem

151 2332 313 2402 abstulerat,
331 2332 484 2409 Stygioque
500 2347 586 2406 eaput
601 2332 784 2387 damnaverat
800 2330 889 2386 Orc0.

151 2432 215 2484 ergo
231 2412 283 2468 Iris
299 2413 406 2469 croceis
421 2433 472 2489 per
487 2413 599 2468 caelum
616 2410 726 2468 roscida
741 2409 848 2485 pinnis,
975 2439 993 2475 7<

150 2492 230 2548 mille
247 2495 361 2548 trahens
376 2493 467 2549 varios
483 2492 600 2548 adverso
615 2492 673 2548 sole
689 2491 805 2559 colores,

151 2573 273 2641 devolat,
291 2588 318 2628 ct
335 2594 418 2649 supra
433 2588 519 2648 caput
534 2572 661 2628 adstitit:
685 2573 778 2627 ‘hunc
796 2590 848 2644 ego
862 2570 925 2627 Diti

151 2672 261 2708 sacrum
277 2652 349 2708 iussa
365 2654 435 2724 fer0,
451 2668 537 2729 teque
553 2652 606 2708 isto
622 2671 740 2727 corpore
755 2649 851 2707 solvo.’

151 2731 189 2795 sic
207 2732 254 2801 ait,
272 2748 299 2789 et
315 2733 413 2789 dextra
429 2733 539 2790 crinem
555 2749 640 2790 secat.
683 2730 775 2788 omnis
792 2746 819 2786 et
834 2751 891 2787 una

150 2811 274 2887 dilapsus
290 2813 375 2884 calor,
392 2830 476 2892 atque
492 2812 522 2869 in
538 2829 638 2870 ventos
654 2812 711 2869 vita
727 2810 851 2869 recessit.

472 2918 516 2979 698
535 2921 648 2966 nondum.
