2002 3614
283 202 448 250 AENEIDOS
466 202 527 249 LIB.
545 202 582 249 ΙΙΙ

56 335 94 391 hoc
105 353 140 393 sat
153 337 215 394 erit.
257 335 317 392 scio
332 355 379 391 me
394 335 501 393 Danais
517 355 531 390 e
547 333 681 391 classibus
695 355 796 404 unum,

57 431 76 471 et
85 416 148 473 bello
161 417 264 474 Iliacos
280 417 372 473 fateor
386 416 501 492 petiisse
518 415 648 472 Penates.

57 514 157 572 proquo,
172 498 192 554 si
210 497 323 555 sceleris
339 511 418 553 tanta
435 512 476 553 est
491 495 594 552 iniuria
610 496 707 567 nostri,

57 577 147 650 spargite
161 599 206 634 me
221 577 250 633 in
267 577 369 634 fluctus
384 594 520 654 vastoque
536 576 688 651 inmergite
702 593 803 652 ponto.

57 654 71 709 sl
82 677 158 731 pereo,
173 658 325 714 hominum
340 658 470 714 manibus
485 657 601 734 periisse
617 657 745 715 iuvabit.’
793 702 796 707 »

57 734 146 808 dixerat,
161 754 189 795 et
203 759 296 812 genua
311 739 459 814 amplexus
475 738 652 814 genibusque
667 739 799 795 volutans

56 815 168 876 haerebat.
211 819 259 895 qui
276 819 310 876 sit
325 819 388 888 fari,
404 840 461 895 quo
476 818 614 892 sanguine
629 834 732 888 cretus,

56 895 180 969 hortamur,
196 920 269 975 quae
285 899 391 956 deinde
406 899 495 974 agitet
510 899 625 956 fortuna
641 899 733 956 fateri.

57 973 97 1049 ipse
107 996 178 1055 pater
192 979 322 1036 dextram
336 980 479 1036 Anchises
492 979 571 1036 haud
586 981 677 1036 multa
692 996 815 1037 moratus
850 999 888 1037 610

57 1055 89 1112 dat
100 1058 196 1130 iuveni,
212 1076 297 1136 atque
313 1060 442 1117 animum
457 1060 601 1137 praesenti
617 1060 734 1136 pignore
750 1061 851 1118 firmat.

57 1133 90 1192 ille
101 1139 160 1197 haec
174 1140 303 1216 deposita
319 1141 435 1198 tandem
450 1141 606 1197 formidine
622 1141 717 1198 fatur:

44 1218 96 1274 ‘sun
108 1221 189 1295 patria
204 1241 238 1278 ex
255 1223 364 1292 Ithaca,
379 1242 474 1278 comes
490 1221 616 1278 infelicis
632 1221 724 1291 Ulixi,

58 1300 148 1371 nomine
162 1302 402 1372 Achaemenides,
420 1302 539 1359 Troiam
553 1301 682 1376 genitore
697 1303 850 1359 Adamasto

58 1382 397 1459 paupere—mansissetque
413 1383 525 1440 utinam
541 1383 655 1439 fortuna
669 1381 869 1459 l—profectus.

58 1456 90 1514 hic
102 1480 148 1533 me,
161 1462 231 1520 dum
246 1463 349 1540 trepidi
365 1464 493 1520 crudelia
510 1463 611 1519 limina
627 1463 772 1540 linquunt,

58 1535 199 1600 inmemores
215 1544 284 1601 socii
299 1560 377 1600 vasto
393 1543 531 1620 Cyclopis
546 1544 575 1600 in
592 1559 673 1599 antro

58 1615 185 1705 deseruere.
228 1625 328 1681 domus
343 1625 419 1681 sanie
435 1625 612 1701 dapibusque
627 1624 762 1695 cruentis,

58 1714 113 1758 utus
129 1725 222 1781 opaca,
237 1705 349 1779 ingens.
391 1705 450 1782 ipse
466 1705 567 1762 arduus
583 1705 698 1781 altaque
713 1706 806 1782 pulsat

58 1776 187 1842 sidera—di
203 1787 291 1842 talem
308 1785 387 1842 terris
402 1786 521 1842 avertite
536 1802 646 1862 pestem
661 1784 710 1843 !—
851 1807 889 1844 σω

58 1864 157 1922 necvisu
173 1866 264 1923 facilis
281 1887 335 1922 nec
351 1866 431 1923 dictu
447 1865 580 1923 adfabilis
596 1866 658 1923 ulli.

57 1937 181 2003 visceribus
196 1946 364 2003 miserorum
380 1962 408 2002 et
424 1947 560 2021 sanguine
574 1947 699 2004 vescitur
713 1942 781 2004 atr0.

57 2018 98 2078 vidi
110 2043 215 2101 egomet
229 2027 287 2084 duo
302 2028 338 2083 de
354 2047 475 2083 numero
491 2048 557 2084 cum
573 2047 690 2103 corpora
706 2043 801 2084 nostro

56 2118 131 2173 prensa
144 2128 229 2165 manu
244 2128 347 2182 magna
362 2108 457 2164 medio
473 2108 621 2184 resupinus
635 2107 665 2164 in
681 2123 761 2164 antro

57 2179 171 2260 frangeret
185 2189 220 2245 ad
235 2209 343 2258 saxum,
360 2188 494 2267 sanieque
510 2209 639 2265 exspersa
655 2205 786 2245 natarent

57 2259 148 2337 linina;
167 2269 226 2325 vidi
243 2286 385 2326 atrocum
401 2270 528 2325 membra
544 2269 663 2325 fluentia
680 2269 745 2325 tabo

57 2347 176 2406 manderet
192 2365 221 2406 et
236 2349 325 2426 tepidi
342 2366 498 2406 tremerent
514 2350 564 2422 sub
580 2349 714 2406 dentibus
730 2366 814 2408 artus.

56 2420 110 2482 haud
123 2428 227 2506 inpune
243 2429 360 2506 quidem
376 2452 382 2486 ι
405 2450 459 2486 nec
477 2430 543 2487 talia
560 2450 654 2506 passus
670 2430 774 2486 Ulixes

56 2501 166 2567 oblitusve
182 2510 224 2567 sui
240 2526 282 2567 est
297 2511 413 2567 Ithacus
428 2511 594 2567 discrimine
611 2526 699 2568 tant0.

56 2599 104 2642 nan
116 2590 192 2648 simul
210 2592 341 2667 expletus
357 2590 476 2667 dapibus
490 2591 616 2668 vinoque
632 2592 758 2668 sepultus
852 2611 889 2658 630

56 2667 169 2748 §erucem
184 2671 322 2727 inflexam
336 2672 431 2747 posuit
447 2672 592 2749 iacuitque
607 2693 657 2748 per
672 2688 785 2729 antrum

56 2759 173 2808 lumensus
188 2752 298 2808 saniem
314 2769 446 2808 eructans
463 2769 490 2808 et
506 2753 593 2809 frusta
610 2770 729 2810 cruento

57 2840 91 2893 ptr
102 2849 223 2888 somnum
239 2833 395 2889 commixta
412 2853 499 2902 mero,
517 2854 566 2889 nos
582 2853 682 2907 magna
698 2832 805 2909 precati

57 2909 148 2969 numina
163 2913 312 2989 sortitique
327 2913 404 2969 vices
421 2933 476 2969 una
492 2913 620 2989 undique
636 2914 744 2970 circum

57 2980 185 3068 fundimur,
202 3010 230 3050 et
247 2994 305 3050 telo
322 2992 421 3049 lumen
437 2994 609 3050 terebramus
625 3011 708 3050 acuto

57 3080 140 3141 lugens,
153 3074 228 3150 quod
245 3090 323 3130 torva
339 3074 431 3130 solum
447 3076 497 3130 sub
513 3075 607 3130 fronte
623 3075 736 3144 latebat,

57 3142 155 3218 Argolici
171 3154 257 3230 clipei
274 3170 322 3210 aut
340 3154 490 3210 Phoebeae
507 3155 644 3230 lampadis
660 3155 754 3223 instar,

254 3248 298 3308 625
318 3249 426 3306 adspersa.
462 3248 507 3306 627
526 3248 613 3305 trepidi.
