2002 3614
73 170 116 218 128
339 167 365 214 P.
383 166 524 215 VERGILI
543 167 701 224 MARONIS

109 298 243 355 verbera:
265 313 326 355 tum
341 296 443 354 stridor
457 296 535 367 ferri,
549 313 712 376 tractaeque
728 316 859 359 catenae.

109 378 239 437 constitit
252 380 363 435 Aeneas
378 378 587 455 strepitumque
602 379 753 437 exterritus
768 381 886 440 hausit:

90 467 181 539 ‘quae
196 459 337 517 scelerum
352 459 458 516 facies?
479 459 598 534 ovir‘go,
615 460 719 530 effare;
740 461 885 538 quibusve
941 481 979 528 560

109 556 266 616 urguentur
280 539 399 616 poenis?
421 539 483 618 quis
499 554 593 604 tantus
608 541 726 617 plangor
740 541 776 598 ad
791 541 907 599 auras?

110 637 171 679 tum
186 637 263 678 vates
279 620 318 678 sic
334 641 395 692 orsa
409 620 507 699 loqui:
530 622 605 678 ‘dux
621 621 729 679 inclute
745 623 910 691 Teucrum,

109 703 183 759 nulli
199 702 239 758 fas
255 717 333 759 casto
348 701 516 758 sceleratum
532 701 660 760 insistere
675 702 784 773 limen3

108 783 158 840 sed
172 803 218 839 me
233 803 300 840 cum
316 781 387 839 lucis
404 783 515 839 Hecate
529 783 668 859 praefecit
681 783 813 855 Auernis,

109 864 169 939 ipsa
184 863 269 920 deum
284 883 390 939 poenas
406 863 515 931 docuit,
529 883 637 940 perque
652 863 749 921 omnia
764 864 859 923 duxit.

110 943 237 1002 Gnosius
251 945 322 1000 haec
339 943 575 1001 Rhadamanthus
590 944 676 1001 habet
690 944 841 1002 durissima
857 966 954 1021 regna,

110 1024 283 1101 castigatque
298 1023 437 1100 auditque
452 1023 531 1080 dolos
545 1023 706 1101 subigitque
722 1025 814 1094 fateri,

110 1125 182 1182 quae
194 1105 256 1181 quis
272 1104 347 1180 apud
362 1124 487 1181 superos,
502 1105 579 1162 furto
595 1105 712 1162 laetatus
727 1105 818 1177 inani,
856 1147 857 1150 ,

110 1185 221 1243 distulit
236 1185 266 1241 in
283 1205 373 1242 seram
388 1184 538 1242 commissa
553 1184 665 1261 piacula
679 1200 813 1244 mortem.

110 1266 250 1324 continuo
265 1281 360 1322 sontes
375 1264 463 1322 ultrix
478 1265 608 1322 accincta
623 1265 736 1340 flagello
940 1297 979 1335 ⁵70

111 1346 274 1422 Tisiphone
289 1345 382 1422 quatit
397 1345 546 1416 insultans,
563 1361 713 1423 torvosque
728 1346 841 1405 sinistra

111 1428 257 1484 intentans
273 1446 378 1501 angues
393 1441 477 1483 vocat
493 1425 606 1500 agmina
621 1447 702 1484 saeva
717 1447 856 1485 sororum.

112 1524 173 1564 tum
188 1508 305 1564 demum
320 1506 467 1564 horrisono
481 1506 630 1564 stridentes
645 1507 760 1564 cardine
775 1528 868 1566 sacrae

111 1588 275 1665 panduntur
290 1602 397 1664 portae.
440 1586 544 1657 cernis,
558 1588 687 1645 custodia
701 1588 792 1666 qualis

112 1668 253 1725 vestibulo
268 1667 381 1724 sedeat?
403 1667 489 1725 facies
504 1687 578 1744 quae
593 1667 693 1725 limina
708 1673 819 1726 servet?

111 1748 319 1826 quinquaginta
333 1748 400 1804 atris
416 1747 539 1805 inmanis
554 1748 797 1824 hiatibus-Hydra

72 1887 74 1894 ,
112 1829 217 1886 saevior
232 1828 309 1885 intus
324 1829 412 1885 habet
427 1828 533 1886 sedem.
577 1845 638 1886 tum
654 1829 792 1886 Tartarus
807 1829 868 1906 ipse

112 1909 154 1967 bis
170 1925 247 1984 patet
262 1908 292 1964 in
308 1928 443 1984 praeceps
460 1924 573 1966 tanturn
588 1909 738 1987 tenditque
754 1911 806 1967 sub
822 1911 946 1979 umbras,

112 2006 234 2068 quantus
250 1989 285 2045 ad
300 1989 458 2045 aetherium
474 1989 544 2046 caeli
560 2005 704 2066 suspectus
721 1990 891 2067 Olympum.

113 2071 159 2128 hic
174 2091 262 2145 genus
278 2069 429 2145 antiquum
445 2070 563 2140 Terrae,
580 2069 699 2126 Titania
714 2070 812 2145 pubes,
940 2089 979 2137 580

113 2151 234 2208 fulmine
250 2149 365 2219 deiecti,
382 2149 472 2206 fundo
487 2150 642 2207 volvuntur
657 2149 687 2206 in
703 2150 779 2208 imo:

112 2233 159 2289 hic
176 2247 205 2288 et
219 2231 337 2289 Aloidas
351 2229 489 2304 geminos,
506 2228 633 2287 inmania
648 2230 706 2287 vidi

113 2334 239 2388 corpora,
255 2311 303 2388 qui
320 2310 452 2367 manibus
468 2331 604 2386 magnum
619 2310 779 2368 rescindere
794 2313 906 2369 caelum

113 2392 241 2467 adgressi,
257 2391 422 2469 superisque
438 2393 537 2448 Iovem
552 2390 704 2448 detrudere
719 2392 821 2466 regnis.

113 2473 171 2529 vidi
188 2489 215 2529 et
231 2472 359 2529 crudeles
375 2471 494 2528 dantem
510 2472 659 2528 Salmonea
673 2492 787 2548 poenas,

113 2553 182 2610 dum
198 2553 323 2609 flammas
340 2552 415 2609 lovis
432 2568 460 2609 et
476 2551 584 2608 sonitus
600 2552 728 2609 imitatur
743 2553 874 2629 Olympi.

114 2650 247 2710 quattuor
261 2633 308 2690 hic
325 2633 455 2689 invectus
473 2631 552 2708 equis
568 2647 596 2690 et
612 2632 741 2709 lampada
755 2654 887 2709 quassans

113 2735 162 2788 per
178 2713 298 2770 Graium
315 2713 434 2790 populos
450 2713 618 2789 mediaeque
633 2734 684 2789 per
699 2713 789 2770 Elidis
805 2714 906 2771 urbem

114 2795 173 2850 ibat
188 2814 283 2862 ovans,
299 2794 454 2869 divomque
470 2793 523 2849 sibi
539 2794 672 2868 poscebat
686 2793 845 2862 honorem,

114 2875 242 2943 demens,
257 2874 305 2950 qui
323 2874 435 2930 nimbos
452 2889 480 2930 et
495 2893 553 2929 non
570 2873 711 2930 imitabile
726 2873 839 2930 fulmen
940 2901 979 2941 ⁵90

115 2976 177 3011 aere
194 2970 223 3011 et
238 2953 426 3030 cornipedum
441 2954 525 3029 pulsu
542 2953 687 3010 simularet
702 2974 851 3030 equorum.

115 3051 142 3091 at
160 3036 243 3092 Pater
259 3035 442 3110 omnipotens
457 3033 544 3090 densa
560 3033 635 3090 inter
649 3034 749 3090 nubila
765 3034 856 3091 telum

117 3116 262 3183 contorsit,
279 3135 337 3170 non
353 3115 403 3171 ille
419 3115 504 3181 faces,
521 3134 574 3171 nec
590 3115 687 3171 fumea
702 3114 792 3172 taedis

175 3220 219 3269 559
236 3206 374 3266 strepituque
392 3240 397 3251 .
413 3240 418 3250 .
435 3240 440 3251 .
456 3205 535 3250 haesit.
571 3206 614 3266 561
634 3221 705 3252 aures.
741 3219 784 3266 591
805 3222 880 3253 cursu.
