2002 3614
312 161 478 209 AENEIDOS
497 161 559 208 LIB.
576 161 613 208 111

81 287 180 363 inplevit
193 291 317 348 clamore
332 290 439 348 locum.
481 290 529 347 vix
544 310 635 366 pauca
651 289 759 346 furenti

84 367 169 426 subicio
183 386 208 428 et
223 370 290 428 raris
307 372 435 428 turbatus
450 370 567 427 vocibus
582 369 662 427 hisco
677 392 684 428 ε

70 446 132 504 ‘vivo
144 450 276 527 equidem,
292 451 438 528 vitamque
455 467 582 508 extrema
596 472 647 527 per
661 449 757 507 omnia
773 450 867 518 duco;

86 547 114 583 ne
125 530 216 603 dubita,
232 553 300 589 nam
314 553 380 589 vcra
395 533 484 591 vides.

86 608 143 668 heu!
161 612 217 688 quis
233 628 261 669 te
277 633 356 670 casus
371 613 515 670 deiectam
530 612 651 686 coniuge
667 627 747 669 tanto

87 689 175 766 excipit,
189 709 236 749 aut
251 713 325 770 quae
340 692 425 767 digna
441 693 505 750 satis
521 693 637 749 fortuna
651 692 769 748 revisit?

88 767 193 830 Hectoris
206 773 412 831 Andromache
429 771 559 849 Pyrrhin’
575 772 698 830 conubia
714 793 804 829 servas
817 772 845 828 ?'

87 848 166 909 deiecit
179 854 290 911 vultum
306 870 335 912 et
349 853 470 910 demissa
485 875 556 911 voce
572 855 668 910 locuta
685 868 726 910 est
741 875 747 910 ι
883 881 919 919 320

74 931 99 983 ‘o
110 929 163 989 felix
179 954 232 991 una
248 949 316 991 ante
332 933 397 990 alias
415 934 554 991 Priame'r'a
569 933 656 1008 virgo,

88 1008 192 1070 hostilem
206 1014 242 1072 ad
258 1015 402 1071 tumulum
420 1014 526 1072 Troiae
542 1015 592 1071 sub
608 1013 757 1070 moenibus
772 1012 836 1092 altis

88 1086 140 1148 iussa
152 1095 227 1166 mori,
243 1115 316 1172 quae
332 1095 447 1152 sortitus
463 1117 521 1152 non
536 1094 656 1171 pertulit
671 1095 744 1151 ullos

89 1173 242 1232 necvictoris
259 1175 299 1232 eri
317 1176 412 1250 tetigit
428 1176 539 1251 captiva
555 1175 671 1233 cubile!

89 1267 125 1306 nos
135 1255 215 1329 patria
229 1253 349 1313 incensa
365 1255 476 1313 diversa
491 1276 542 1333 per
557 1277 678 1333 aequora
694 1271 793 1312 vectae

89 1329 156 1407 stirpis
169 1335 318 1394 Achilleae
335 1337 423 1394 fastus
439 1336 631 1414 iuvenemque
647 1336 810 1412 superbum,

89 1413 176 1472 servitio
191 1416 302 1488 enixae,
320 1416 458 1488 tulimus;
480 1417 527 1496 qui
544 1418 650 1474 deinde
665 1431 777 1473 secutus

89 1488 202 1554 Ledaeam
219 1498 404 1554 Hermionen
423 1497 723 1573 Lacedaemoniosque
738 1498 913 1571 hymenaeos

89 1589 123 1628 me
131 1575 226 1635 famulo
238 1577 437 1655 famulamque
449 1577 569 1634 Heleno
581 1577 737 1635 transmisit
748 1576 921 1633 habendam.

90 1667 120 1708 ast
130 1653 198 1715 illurn
214 1674 331 1735 ereptae
347 1678 451 1732 magno
467 1658 628 1715 flammatus
642 1678 738 1714 amore
885 1686 924 1722 330

90 1734 188 1811 coniugis
203 1754 232 1796 et
247 1739 389 1796 scelerum
406 1739 497 1796 Furiis
513 1739 633 1813 agitatus
650 1740 765 1795 Orestes

91 1813 172 1892 excipit
184 1819 333 1876 incautum
348 1818 512 1896 patriasque
528 1820 681 1876 obtruncat
697 1819 732 1875 ad
747 1840 815 1875 aras.

91 1910 157 1954 morte
170 1899 357 1976 Neoptolemi
375 1920 529 1973 regnorum
545 1900 655 1956 reddita
671 1899 754 1956 cessit

91 1991 135 2046 pars
147 1977 267 2051 Heleno,
284 1979 333 2056 qui
350 1980 499 2037 Chaonios
514 1981 686 2054 cognomine
702 1999 816 2055 campos

92 2051 282 2138 Chaoniamque
298 2080 416 2117 omnem
434 2061 564 2117 Troiano
579 2082 594 2117 a
610 2060 731 2117 Chaone
746 2059 829 2128 dixit,

92 2130 255 2218 Pergamaque
270 2139 450 2217 Iliacamque
465 2140 537 2215 iugis
551 2142 627 2197 hanc
643 2139 753 2197 addidit
769 2160 872 2197 arcem.

91 2216 126 2271 sed
137 2219 180 2277 tibi
195 2219 243 2298 qui
259 2242 373 2279 cursum
390 2221 480 2292 venti,
497 2241 568 2297 quae
584 2222 641 2278 fata
657 2221 784 2277 dedere?

91 2311 126 2353 aut
137 2301 256 2376 quisnam
272 2301 403 2376 ignarum
421 2301 524 2358 nostris
538 2303 608 2358 deus
623 2301 735 2377 appulit
750 2300 826 2357 oris?

91 2376 141 2450 quid
152 2403 217 2458 puer
231 2382 395 2440 Ascanius?
417 2397 569 2459 superatne
586 2398 614 2439 ct
630 2381 754 2438 vescitur
769 2385 857 2438 aura?

91 2475 154 2530 quem
168 2462 217 2521 tibi
232 2464 292 2520 iam
306 2462 438 2520 Troia—
890 2491 927 2527 340

92 2555 158 2615 ecqua
172 2559 265 2601 tamen
281 2564 372 2620 puero
389 2560 431 2600 est
446 2543 563 2600 amissae
579 2564 646 2600 cura
661 2543 810 2619 parentis?

92 2621 170 2696 ecquid
184 2624 212 2681 in
227 2625 378 2702 antiquam
393 2624 531 2681 virtutem
547 2623 713 2700 animosque
729 2623 825 2679 viriles

92 2713 112 2752 et
123 2719 190 2775 pater
203 2706 317 2762 Aeneas
334 2721 362 2761 et
378 2706 536 2762 avunculus
554 2704 660 2761 excitat
675 2705 787 2760 Hector
799 2703 827 2759 i'

92 2778 141 2864 talia
153 2783 288 2842 fundebat
305 2784 456 2842 lacrimans
472 2786 629 2861 longosque
645 2784 738 2841 ciebat

92 2874 206 2922 lncassum
221 2865 315 2935 fletus,
332 2886 398 2922 cum
414 2887 473 2922 sese
489 2887 503 2922 a
519 2865 670 2922 moenibus
685 2868 768 2921 hcros

93 2933 222 3003 Priamides
238 2946 338 3003 multis
355 2947 487 3002 Helenus
504 2945 709 3003 comitantibus
725 2945 818 3000 adfert

93 3017 270 3104 adgnoscitque
286 3047 350 3083 suos
365 3027 512 3103 laetusque
529 3026 562 3082 ad
579 3025 679 3082 limina
695 3025 784 3093 ducit,

94 3113 115 3152 et
126 3106 233 3164 multum
249 3107 380 3164 lacrimas
396 3107 481 3164 verba
496 3107 572 3162 inter
588 3106 698 3179 singula
714 3105 820 3161 fundit.

123 3207 156 3256 319
171 3199 354 3247 Andromachen.
388 3214 436 3260 330
452 3200 621 3248 inflammatus.
660 3198 704 3262 348
724 3198 859 3245 lacrimans.
