2002 3614
80 215 125 260 130
347 199 372 244 P.
391 196 532 244 VERGILI
545 196 706 242 'MARONIS

117 326 328 396 adceleremus,’
344 327 381 384 ait
395 351 403 396 3
425 326 606 403 ‘Cyclopum
623 326 725 384 educta
741 325 860 384 caminis
939 361 943 375 ·

118 409 230 466 moenia
246 408 403 484 conspici0,
418 423 502 485 atque
518 407 632 464 adverso
648 407 757 464 fornice
772 423 873 484 portas,
947 466 966 480 ‚

116 491 186 546 haec
202 489 251 545 ubi
267 509 317 545 nos
332 505 481 565 praecepta
496 488 597 544 iubent
612 487 754 564 deponere
769 486 860 547 dona?

117 571 237 639 dixerat,
253 584 281 626 et
296 569 400 646 pariter
415 569 497 643 gressi
514 590 562 644 per
577 589 665 645 opaca
680 568 790 625 viarum

117 650 276 727 corripiunt
291 649 413 726 spatium
428 649 564 719 medium,
580 649 743 726 foribusque
758 649 952 727 propinquant.

117 747 238 807 occupat
253 733 361 787 Aeneas
378 730 495 800 aditum,
512 750 669 807 corpusque
684 746 792 787 recenti
934 802 936 808 Ι

118 812 220 888 spargit
236 833 317 888 aqua,
333 832 499 888 ramumque
515 810 649 866 adverso
642 831 672 866 in
688 810 788 867 limine
804 811 873 884 figit.

157 893 200 948 his
215 893 331 949 demum
347 891 460 962 exactis,
477 891 604 967 perfecto
619 911 737 947 munere
752 891 843 960 divae,

117 975 256 1030 devenere
272 973 349 1030 locos
364 973 450 1029 laetos
466 988 493 1029 et
509 992 627 1028 amoena
643 972 749 1029 virecta

118 1057 337 1111 Fortunatorum
353 1053 514 1110 Nemorum
529 1053 663 1129 sedesque
680 1053 782 1110 beatas.

118 1135 219 1209 largior
234 1134 280 1190 hic
297 1155 409 1210 campos
425 1135 521 1190 aether
536 1149 564 1189 et
580 1133 688 1189 lumine
703 1133 788 1190 vestit
939 1152 997 1200 ⁶4⁹

118 1236 268 1307 purpureo,
284 1215 429 1291 solemque
445 1235 536 1282 suurn,
553 1235 601 1270 sua
617 1214 705 1270 sidera
721 1230 837 1272 norunt.

118 1318 179 1372 pars
195 1296 224 1351 in
240 1295 390 1370 gramineis
405 1310 539 1351 exercent
555 1294 680 1350 membra
695 1295 850 1370 palaestris,

118 1377 297 1434 contendunt
313 1376 380 1432 ludo
395 1391 424 1432 et
439 1375 517 1433 fulva
532 1375 677 1432 luctantur
692 1377 817 1446 harena3

117 1479 178 1533 pars
193 1456 311 1533 pedibus
326 1457 467 1532 plaudunt
483 1458 596 1512 choreas
612 1471 640 1513 et
655 1456 780 1513 carmina
794 1456 904 1515 dicunt.

119 1559 171 1595 nec
188 1558 245 1593 non
262 1538 415 1594 Thre'r'cius
431 1537 513 1611 longa
528 1557 594 1597 curn
609 1552 687 1593 veste
703 1537 830 1594 sacerdos

119 1618 282 1695 obloquitur
297 1618 421 1674 numeris
437 1632 545 1694 septem
561 1617 725 1674 discrimina
739 1638 854 1688 vocum,

119 1699 232 1774 iamque
248 1698 344 1755 eadem
360 1698 464 1772 digitis,
481 1698 536 1754 iarn
552 1698 666 1773 pectine
681 1697 774 1773 pulsat
789 1698 905 1756 eburno,

118 1779 165 1835 hic
181 1800 268 1853 genus
284 1779 432 1855 antiquum
449 1778 568 1846 Teucri,
583 1777 776 1854 pulcherrima
791 1780 891 1855 proles,

120 1859 294 1934 magnanimi
310 1860 416 1929 heroes,
432 1859 490 1915 nati
506 1858 670 1915 melioribus
686 1859 775 1926 annis,

120 1940 235 2017 Ilusque
251 1941 460 2016 Assaracusque
478 1955 504 1996 et
520 1939 625 1995 Troiae
640 1939 791 1997 Dardanus
806 1956 912 1997 auctor.
940 1957 975 2002 650

120 2042 195 2077 arma
209 2021 309 2097 procul
325 2041 478 2096 currusque
495 2020 587 2076 virum
603 2020 720 2076 miratur
735 2020 844 2078 inanes.

120 2118 193 2158 stant
209 2118 281 2158 terra
295 2100 402 2157 delixae
417 2102 522 2170 hastae,
536 2101 694 2176 passimque
711 2101 794 2157 soluti

120 2204 168 2258 per
184 2203 296 2257 campos
311 2199 465 2257 pascuntur
481 2182 556 2258 equi.
600 2202 670 2258 quae
686 2181 775 2255 gratia
791 2202 907 2237 currum

121 2283 318 2338 armorumque
334 2262 388 2319 fuit
404 2262 483 2332 vivis,
499 2283 571 2339 quae
587 2282 654 2318 cura
668 2262 791 2318 nitentes

119 2363 233 2418 pascere
250 2364 344 2420 equos,
361 2343 458 2399 eadem
475 2342 602 2419 sequitur
617 2343 719 2399 tellure
734 2357 868 2417 repostos.

120 2424 267 2497 conspicit,
284 2444 360 2490 ecce,
377 2424 443 2479 alios
459 2423 558 2479 dextra
573 2424 708 2499 laevaque
723 2443 774 2498 per
789 2423 904 2478 herbam

120 2520 264 2559 vescentes
281 2504 443 2580 laetumque
459 2505 544 2559 choro
559 2523 665 2578 paeana
680 2519 813 2560 canentes

120 2583 193 2640 inter
208 2584 354 2640 odoratum
371 2584 440 2640 lauri
456 2604 566 2651 nemus,
582 2584 657 2640 unde
672 2604 792 2659 superne

120 2664 258 2738 plurimus
275 2664 392 2720 Eridani
409 2685 458 2740 per
473 2665 571 2720 silvam
586 2665 708 2720 volvitur
723 2664 821 2722 amnis,

120 2744 165 2799 hic
182 2765 280 2800 manus
296 2745 332 2800 ob
346 2746 464 2821 patriam
479 2745 632 2820 pugnando
646 2745 764 2801 vulnera
779 2742 859 2821 passi,
942 2762 978 2799 660

120 2825 226 2901 quique
241 2826 396 2882 sacerdotes
412 2826 490 2895 casti,
506 2826 574 2881 dum
589 2826 647 2882 vita
662 2825 803 2892 manebat,

120 2905 226 2980 quique
242 2905 281 2980 pii
299 2923 373 2962 vates
389 2923 416 2963 et
433 2906 546 2962 Phoebo
561 2907 646 2979 digna
660 2905 758 2973 locuti,

120 2985 247 3041 inventas
264 3002 311 3042 aut
327 2986 374 3061 qui
390 2986 478 3042 vitam
493 2987 644 3043 excoluere
660 3008 709 3063 per
724 3003 802 3056 artes,

120 3065 226 3141 quique
243 3066 283 3121 sui
300 3087 438 3123 memores
455 3066 521 3122 alios
537 3066 630 3123 fecere
646 3066 790 3123 merendo.

120 3145 252 3201 omnibus
267 3146 309 3201 his
325 3146 405 3203 nivea
421 3148 575 3220 cinguntur
591 3162 716 3222 tempora
730 3147 807 3214 vitta,

253 3239 299 3301 630
318 3240 391 3288 ducta.
426 3240 470 3302 651
491 3239 612 3288 mirantur.
647 3240 693 3300 664
711 3239 805 3299 aliquos.
