2002 3614
73 189 115 242 118
339 189 365 238 P.
383 189 525 238 VERGILI
543 189 698 238 MARONIS

110 318 231 376 discolor
246 318 322 375 unde
338 317 396 375 auri
411 340 462 395 per
476 339 567 376 ramos
581 339 648 376 aura
663 320 783 378 refulsit.

110 401 193 477 quale
208 401 278 456 solet
292 399 369 455 silvis
384 399 505 456 brumali
521 401 623 475 frigore
638 400 748 458 viscum

111 481 209 537 fronde
224 480 315 537 virere
331 501 413 550 nova,
428 481 505 558 quod
520 502 577 538 non
593 502 641 537 sua
655 481 777 538 seminat
792 483 882 554 arbos,

110 577 138 619 ct
153 581 253 618 croceo
268 562 328 619 fetu
343 576 444 619 teretes
460 562 636 619 circumdare
651 578 784 620 truncos:

111 642 172 699 talis
188 658 247 699 erat
262 641 369 718 species
384 642 442 699 auri
458 643 614 700 frondentis
630 664 717 719 opaca

110 722 185 792 ilice,
202 723 241 780 sic
257 723 315 780 leni
330 723 485 800 crepitabat
500 724 612 781 bractea
625 739 721 782 vento,

111 803 228 880 corripit
242 805 353 861 Aeneas
368 805 513 881 extemplo
528 805 681 881 avidusque
696 804 827 879 refringit
940 837 978 864 κιο

111 900 305 956 cunctantem,
321 901 350 941 et
364 885 433 941 vatis
448 900 540 960 portat
554 886 606 942 sub
622 901 696 942 tecta
711 885 846 960 Sibyllae.

152 985 204 1022 nec
220 965 314 1022 minus
329 965 437 1023 interea
454 965 603 1022 Misenum
617 965 648 1022 in
663 966 744 1022 litore
760 965 869 1023 Teucri

111 1045 224 1114 flebant,
241 1063 269 1103 et
284 1046 373 1103 cineri
388 1046 499 1121 ingrato
513 1067 643 1123 suprema
657 1046 795 1104 ferebant.

111 1126 252 1202 principio
265 1127 402 1204 pinguem
418 1126 504 1184 taedis
520 1143 548 1184 et
562 1128 660 1184 robore
676 1142 753 1184 secto

111 1207 258 1281 ingentem
273 1223 398 1264 struxere
412 1229 520 1284 pyram,
536 1208 584 1265 cui
599 1207 745 1265 frondibus
761 1207 827 1264 atris

111 1288 246 1345 intexunt
260 1288 355 1359 latera,
371 1304 399 1345 et
414 1288 513 1345 ferales
529 1305 594 1346 ante
609 1309 751 1364 cupressos

111 1369 299 1438 constituunt,
315 1368 507 1445 decorantque
523 1389 606 1446 super
620 1368 796 1443 fulgentibus
811 1369 906 1427 armis.

111 1471 172 1526 pars
188 1449 292 1506 calidos
307 1449 403 1507 latices
419 1465 447 1506 et
462 1459 530 1506 aena
545 1449 682 1507 undantia
696 1449 818 1506 flammis

111 1530 279 1622 expediunt,
294 1550 453 1608 corpusque
468 1531 563 1587 lavant
578 1530 706 1604 frigentis
721 1546 749 1588 et
765 1547 908 1604 unguunt.

111 1610 142 1667 fit
157 1611 286 1685 gemitus.
330 1626 391 1669 turn
407 1612 534 1668 membra
548 1627 609 1668 toro
623 1609 726 1667 defleta
741 1626 896 1686 reponunt,
938 1641 979 1667 220

111 1712 321 1783 purpureasque
335 1712 419 1768 super
433 1707 533 1761 vestes,
547 1691 689 1748 velamina
703 1707 778 1760 nota,

111 1772 271 1830 coniciunt.
312 1793 374 1847 pars
389 1772 499 1846 ingenti
514 1770 624 1829 subiere
641 1772 753 1841 feretro,

112 1853 189 1909 triste
205 1852 405 1922 ministerium,
420 1868 449 1910 et
464 1852 619 1910 subiectam
635 1872 713 1909 more
726 1867 882 1928 parentum

111 1933 198 1990 aversi
214 1950 331 1990 tenuere
346 1933 450 1991 facem.
493 1948 625 2008 congesta
639 1948 804 1990 cremantur

79 2069 82 2075 ,
111 2030 190 2071 turea
204 2015 287 2082 dona,
301 2015 394 2090 dapes,
411 2015 474 2071 fuso
489 2030 608 2071 crateres
622 2013 706 2071 olivo.

111 2112 260 2172 postquam
275 2095 393 2171 collapsi
409 2095 520 2152 cineres
535 2112 562 2151 et
577 2093 691 2151 flamma
705 2094 827 2170 quievit,

110 2175 243 2252 reliquias
259 2175 326 2232 vino
341 2191 369 2232 et
384 2175 512 2232 bibulam
529 2176 620 2231 lavere
635 2175 770 2244 favillam,

111 2277 225 2332 ossaque
241 2256 314 2312 lecta
329 2257 399 2313 cado
415 2255 486 2313 texit
503 2256 667 2331 Corynaeus
682 2263 762 2312 a'e'no.

112 2337 187 2393 idem
203 2353 244 2394 ter
259 2337 348 2393 socios
363 2358 434 2414 pura
449 2336 627 2394 circumtulit
643 2335 729 2406 unda,

79 2463 81 2466 ,
111 2438 240 2493 spargens
257 2439 316 2474 rore
332 2417 388 2474 levi
404 2434 432 2475 et
447 2438 525 2473 ramo
541 2416 631 2474 felicis
647 2416 746 2485 olivae,
937 2446 976 2482 230

112 2498 295 2574 lustravitque
310 2498 393 2567 viros,
408 2498 538 2573 dixitque
553 2496 703 2553 novissima
717 2496 811 2552 verba.

112 2594 139 2634 at
153 2579 216 2653 pius
231 2580 343 2635 Aeneas
358 2578 469 2653 ingenti
486 2578 561 2634 mole
577 2578 760 2652 sepulchrum

112 2659 233 2734 inponit,
250 2680 356 2735 suaque
371 2679 446 2715 arma
461 2657 522 2714 viro
536 2678 705 2734 remumque
721 2657 888 2732 tubamque,

112 2755 209 2795 monte
225 2741 276 2796 sub
292 2740 376 2809 aerio,
393 2739 442 2816 qui
455 2758 535 2795 nunc
553 2738 685 2794 Misenus
701 2737 734 2794 ab
750 2737 802 2792 illo

111 2819 226 2888 dicitur,
242 2836 449 2896 aeternumque
465 2834 544 2877 tenet
558 2839 608 2894 per
623 2818 735 2875 saecula
749 2837 866 2874 nomen.

152 2899 194 2956 his
209 2900 277 2956 actis
293 2921 412 2976 propere
428 2899 591 2976 exsequitur
606 2914 756 2976 praecepta
771 2897 907 2972 Sibyllae.

112 2981 247 3055 spelunca
262 2982 318 3036 alta
332 2981 387 3038 fuit
401 2995 534 3056 vastoque
550 2979 671 3035 inmanis
687 2979 775 3047 hiatu,

112 3081 237 3136 scrupea,
253 3076 314 3117 tuta
329 3062 392 3118 lacu
408 3060 490 3134 nigro
504 3079 712 3136 nemorumque
728 3058 872 3126 tenebris;

112 3161 197 3217 quam
212 3161 295 3216 super
309 3141 385 3197 haud
401 3141 474 3197 ullae
489 3155 622 3279 ροῑξὲἶηῑ
636 3140 745 3216 inpune
760 3140 890 3195 volantes

445 3245 488 3292 231
509 3233 537 3278 do
571 3230 597 3279 ’.
