2002 3614
71 201 97 245 18
339 203 365 248 P.
384 201 524 248 VERGILI
544 202 699 248 MARONIS

107 331 239 387 omnibus
256 334 403 388 exhaustos
419 331 474 387 iam
490 330 608 400 casibus,
624 331 754 388 omniurn
770 351 869 406 egenos

19 468 21 472 Α
108 413 176 468 urbe
191 413 276 469 domo
291 411 386 481 socias,
402 428 491 485 grates
507 412 665 487 persolvere
679 412 777 487 dignas
929 418 954 459 60

107 513 165 549 non
181 493 240 568 opis
257 510 297 550 est
313 508 432 562 nostrae,
448 492 534 560 Dido,
551 512 604 549 nec
620 492 759 571 quidquid
773 493 878 572 ubique

189 589 229 629 CSl

107 654 197 727 gentis
212 654 381 723 Dardaniae,
398 674 533 729 magnum
549 674 619 730 quae
635 675 725 745 sparsa
739 675 789 746 per
804 656 907 714 orbem.

107 735 134 791 di
150 735 247 801 tibi,
228 755 248 790 sr
265 755 319 811 qua
334 734 393 810 pios
408 749 566 811 respectant
582 735 709 806 numina,
724 756 746 792 si
739 735 831 812 quid

108 836 224 906 usquam
240 815 363 872 iustitiae
379 831 429 884 est,
446 831 474 871 et
489 835 569 871 mens
584 815 635 871 sibi
652 816 765 873 conscia
779 816 850 873 recti

106 896 230 973 praemia
244 896 329 987 digna
344 896 445 953 ferant.
487 916 558 973 quae
574 911 602 953 te
617 912 674 953 tam
689 897 761 954 laeta
776 899 903 954 tulerunt

97 978 238 1034 saecula?
279 977 327 1054 qui
344 977 414 1034 tanti
431 978 516 1034 talem
530 996 654 1051 genuere
669 983 820 1053 parentes?

107 1057 136 1114 in
153 1059 224 1114 freta
239 1058 309 1114 dum
324 1057 404 1114 fluvii
421 1073 548 1127 current,
563 1058 633 1115 dum
648 1058 791 1115 montibus
808 1059 923 1116 umbrae

106 1139 265 1195 lustrabunt
280 1159 415 1207 convexa,
431 1139 513 1214 polus
527 1138 597 1195 dum
613 1139 700 1195 sidera
714 1155 820 1215 pascet,

106 1240 217 1295 semper
231 1221 320 1275 honos
336 1239 498 1296 nomenque
515 1235 597 1276 tuum
612 1219 765 1296 laudesque
780 1220 922 1277 manebun
932 1230 954 1270 t

106 1318 191 1380 quae
193 1321 239 1356 me
234 1320 378 1390 Ι3911111111
393 1316 496 1356 vocant
511 1300 617 1357 terrae?
659 1300 697 1356 sic
713 1300 785 1357 fatus
798 1300 920 1358 amicum

106 1380 232 1437 Ilionea
229 1375 300 1456 petit
315 1380 422 1450 dextra,
438 1382 571 1458 laevaque
588 1382 740 1450 Serestum,
941 1398 954 1430 ⁴

105 1479 167 1537 post
182 1461 249 1517 alios
251 1462 432 1538 ,fortemque
448 1461 533 1536 Gyan
549 1463 709 1538 fortemque
725 1461 910 1520 Cloanthum.

147 1542 284 1618 obstipuit
299 1542 391 1617 primo
406 1561 520 1617 aspectu
538 1541 652 1599 Sidonia
666 1541 752 1612 Dido,

106 1643 170 1679 casu
186 1622 289 1679 deinde
304 1622 355 1679 viri
371 1638 459 1692 tanto,
474 1639 501 1680 et
517 1623 555 1680 sic
571 1643 618 1680 ore
633 1623 729 1680 locuta
742 1638 804 1681 est:

86 1703 166 1780 ‘quis
181 1719 219 1772 te,
235 1718 300 1760 nate
314 1703 374 1772 dea,
390 1723 441 1779 per
456 1717 533 1760 tanta
548 1703 674 1779 pericula
689 1724 767 1761 casus

106 1783 284 1861 insequitur?
325 1805 396 1862 quae
411 1784 452 1840 vis
467 1784 629 1841 inmanibus
644 1785 767 1862 applicat
781 1785 856 1842 oris?

105 1881 174 1921 tune
189 1865 237 1921 ille
252 1865 373 1935 Aeneas,
389 1885 475 1942 quem
490 1865 634 1922 Dardanio
648 1866 790 1923 Anchisae

106 1946 179 2002 alma
192 1946 292 2002 Venus
309 1945 422 2020 Phrygii
438 1945 538 2020 genuit
555 1945 705 2003 Simoentis
721 1947 756 2003 ad
771 1948 896 2004 undam?

83 2096 84 2099 Ἴ
104 2041 187 2103 atque
203 2026 335 2103 equidem
351 2026 499 2083 Teucrum
515 2026 632 2083 memini
650 2027 754 2084 Sidona
768 2028 865 2085 venire

104 2106 208 2164 finibus
224 2108 375 2183 expulsum
390 2107 494 2183 patriis,
512 2127 584 2163 nova
599 2126 685 2182 regna
699 2124 846 2184 petentem
934 2117 954 2156 6

105 2187 211 2245 auxilio
228 2188 290 2244 Beli
304 2213 312 2258 3
333 2188 444 2262 genitor
460 2203 521 2244 tum
537 2188 623 2244 Belus
638 2188 763 2266 opimam

104 2269 227 2327 vastabat
243 2268 373 2345 Cyprum
388 2284 416 2325 et
431 2268 520 2326 victor
535 2269 648 2326 dicione
663 2270 787 2327 tenebat.

104 2365 231 2426 ternpore
246 2350 301 2406 iam
317 2371 351 2406 ex
367 2349 418 2406 illo
433 2369 511 2406 casus
526 2350 596 2406 mihi
612 2351 741 2424 cognitus
757 2350 832 2407 urbis

104 2429 246 2486 Troianae
262 2451 424 2507 nomenque
440 2447 521 2486 tuum
537 2450 669 2507 regesque
686 2431 801 2506 Pelasgi.

104 2510 162 2586 ipse
178 2510 263 2567 hostis
279 2511 408 2567 Teucros
424 2510 526 2583 insigni
543 2511 626 2568 laude
641 2512 758 2581 ferebat,

104 2611 189 2668 seque
204 2608 297 2647 ortum
313 2590 438 2683 antiqua
443 2591 625 2648 Teucrorum
641 2613 655 2648 a
669 2592 754 2669 stirpe
769 2592 886 2650 volebat.

104 2692 189 2748 quare
205 2671 277 2746 agite
292 2692 309 2727 o
324 2671 414 2738 tectis,
431 2671 557 2739 iuvenes,
574 2673 718 2730 succedite
733 2673 841 2730 nostris.

105 2773 150 2808 me
166 2772 277 2828 quoque
292 2772 341 2827 per
356 2753 460 2809 multos
477 2753 575 2809 similis
591 2754 704 2810 fortuna
718 2754 825 2811 labores

104 2824 235 2889 iactatam
250 2835 301 2889 hac
317 2833 433 2889 demum
450 2833 540 2890 voluit
555 2834 706 2890 consistere
722 2850 814 2891 terra:

105 2933 162 2969 non
179 2913 273 2986 ignara
288 2913 354 2970 mali
370 2913 477 2969 miseris
493 2933 658 2971 succurrere
674 2914 771 2972 disco!

104 2993 142 3050 sic
160 3010 317 3062 memorat3
339 2993 422 3050 simul
439 2995 556 3050 Aenean
573 2994 602 3050 in
618 2995 692 3068 regia
706 2995 785 3052 ducit

105 3089 188 3143 tecta,
204 3073 286 3130 simul
303 3074 398 3130 divom
414 3075 527 3150 templis
543 3075 644 3131 indicit
659 3077 806 3132 honorem.

102 3175 157 3212 nec
173 3154 268 3211 minus
283 3155 389 3212 interca
405 3155 485 3211 sociis
497 3155 531 3212 ad
547 3155 627 3212 litora
642 3154 730 3213 mittit

321 3261 368 3311 599
387 3246 515 3296 exhaustis.
548 3248 598 3306 bot,
611 3247 709 3294 iustitia.
