2002 3614
311 176 477 226 AENEIDOS
495 177 557 226 LIB.
574 178 614 226 1v

73 303 186 382 ‘luppiter
199 308 392 384 omnipotens,
409 308 455 364 cui
472 328 550 364 nunc
567 308 713 365 Maurusia
726 309 811 386 pictis

84 403 132 456 gens
144 389 251 464 epulata
265 388 334 445 toris
349 389 496 445 Lenaeum
514 388 582 445 libat
597 391 747 461 honorem,

84 467 156 541 aspicis
168 470 261 527 haec?
283 490 318 526 an
335 484 373 538 te,
388 469 510 544 genitor,
526 489 591 526 cum
609 470 729 526 fulmina
744 486 866 548 torques,

84 549 227 626 nequiquam
242 551 400 618 horremus
417 549 553 626 caecique
569 549 598 606 in
615 550 736 607 nubibus
751 551 829 624 ignes

84 629 210 687 terrificant
224 630 345 699 animos,
360 646 388 686 et
404 630 499 687 inania
514 650 657 687 murmura
672 631 816 689 miscent?
877 662 914 689 210

83 706 171 781 semina,
185 732 258 788 quae
273 711 376 767 nostris
392 732 486 767 errans
500 711 530 767 in
546 711 649 768 finibus
664 712 763 769 urbem

83 788 184 863 exiguam
198 792 292 868 pretio
307 791 409 868 posuit,
426 791 471 848 cui
488 791 554 848 litus
569 793 713 862 arandum,

83 869 160 946 cuique
175 872 323 946 locileges
339 872 479 942 dedimus,
497 872 620 929 conubia
636 889 730 929 nostra

82 952 189 1026 reppulit,
205 973 235 1010 ac
252 952 402 1010 dominum
418 953 537 1009 Aenean
554 953 583 1009 in
599 973 686 1028 regna
701 955 818 1030 recepit.

82 1044 101 1084 et
111 1051 175 1090 nunc
190 1033 239 1090 ille
256 1033 341 1101 Paris,
358 1053 424 1090 cum
440 1033 570 1090 semiviro
585 1034 730 1103 comitatu,

83 1107 190 1170 Maeonia
204 1129 335 1171 mentum
351 1114 434 1170 mitra
449 1114 614 1191 crinemque
630 1115 793 1172 madentem

82 1191 199 1263 subnixus,
215 1210 297 1271 rapto
312 1195 440 1270 potitur:
463 1215 513 1251 nos
528 1215 646 1251 munera
661 1196 775 1272 templis

82 1271 162 1350 quippe
177 1275 232 1332 tuis
247 1274 373 1346 ferimus,
390 1276 552 1353 famamque
569 1276 697 1333 fovemus
712 1276 848 1334 inanem'
864 1291 868 1300 ’

110 1355 195 1412 talibus
209 1372 341 1412 orantem
356 1355 440 1412 dictis
455 1377 570 1433 arasque
585 1373 732 1413 tenentem
802 1350 836 1364 Μ

83 1433 148 1492 audiit
161 1437 350 1512 omnipotens,
365 1437 522 1512 oculosque
537 1437 572 1494 ad
588 1438 701 1493 moenia
717 1437 795 1495 torsit
878 1468 914 1494 πο

82 1514 142 1586 segia,
156 1533 182 1574 et
192 1517 296 1574 oblitos
313 1517 404 1592 famae
420 1517 545 1573 melioris
560 1534 694 1575 amantes.

83 1603 126 1650 turn
137 1596 171 1654 sic
188 1597 369 1654 Mercurium
384 1597 557 1674 adloquitur,
573 1618 605 1654 ac
623 1598 688 1654 talia
704 1598 838 1655 mandat:

71 1671 132 1730 ‘vade
144 1698 199 1752 age,
215 1694 292 1748 nate,
307 1698 377 1734 voca
392 1679 550 1754 Zephyros,
567 1694 596 1735 et
611 1678 704 1735 labere
718 1679 824 1755 pinnis,

84 1747 290 1836 Dardaniumque
305 1759 418 1828 ducem,
434 1759 525 1834 Tyria
541 1759 715 1832 Carthagine
730 1759 779 1835 qui
795 1779 872 1817 nunc

84 1848 207 1910 exspectat,
223 1839 345 1917 fatisque
361 1839 438 1896 datas
454 1859 512 1896 non
529 1839 643 1916 respicit
660 1841 752 1908 urbes,

84 1929 94 1964 ὃ
117 1935 214 1994 oquere‚
231 1936 259 1977 et
275 1920 382 1977 celeres
398 1919 478 1976 defer
493 1929 556 1977 'mea
570 1920 646 1977 dicta
661 1941 711 1996 per
726 1941 814 1978 auras.

84 2007 124 2051 non
134 1999 210 2058 illum
226 2000 308 2058 nobis
323 2000 454 2074 genetrix
469 2001 662 2077 pulcherrima
678 2002 765 2057 talem

84 2079 190 2151 promisit,
207 2081 388 2157 Graiumque
403 2081 468 2138 ideo
483 2081 524 2138 bis
540 2081 667 2139 vindicat
683 2081 785 2150 armis;

84 2154 117 2210 Sed
128 2161 188 2230 fore,
204 2162 253 2238 qui
269 2161 413 2235 gravidam
428 2161 555 2238 imperiis
571 2162 707 2239 belloque
722 2162 897 2218 frementem

84 2227 170 2298 Italiam
184 2257 304 2316 regeret,
320 2263 409 2316 genus
425 2243 484 2299 alto
499 2263 513 2298 a
530 2242 666 2317 sanguine
682 2241 791 2298 Teucri
877 2272 915 2310 230

82 2318 197 2399 Puderet,
212 2343 244 2380 ac
260 2338 353 2400 totum
369 2323 420 2379 sub
437 2322 512 2397 leges
528 2323 656 2380 mitteret
667 2323 794 2399 orbem·

83 2408 98 2445 ⁵1
111 2401 175 2459 nulla
190 2402 323 2460 accendit
339 2418 481 2479 tantarum
496 2403 585 2482 gloria
600 2423 714 2477 rerum„

83 2477 120 2532 uec
132 2465 282 2560 sipdrr'p'se
297 2476 346 2539 sira
362 2473 479 2539 niolitus
495 2483 580 2540 laude
595 2484 731 2553 laborem,

82 2550 214 2621 Ascanione
230 2579 312 2640 pater
328 2563 470 2619 Romanas
485 2563 596 2620 invidet
612 2569 707 2621 arces?

83 2635 132 2706 quid
143 2645 239 2701 struit?
262 2659 311 2701 aut
326 2665 382 2720 qua
397 2643 577 2725 speginimica
592 2643 621 2699 in
638 2660 724 2718 gente
740 2661 875 2713 moratur,

83 2728 120 2773 flet
131 2724 232 2798 prolem
247 2724 406 2781 Ausoniam
424 2734 451 2780 et
466 2724 586 2780 Lavinia
603 2725 717 2800 respicit
732 2730 815 2781 arva?
891 2743 908 2747 '⁴

84 2799 184 2876 naviget:
207 2807 278 2862 haec
295 2824 404 2860 summa
420 2821 479 2874 est;
501 2805 547 2861 hic
565 2804 652 2860 nostri
666 2805 784 2861 nuntius
801 2806 879 2862 est0.’

85 2947 88 2958 Ι
110 2878 213 2944 dixerat.
256 2886 307 2942 ille
324 2885 408 2962 patris
424 2885 518 2959 magni
533 2906 633 2960 parere
649 2886 764 2960 parabat

84 2964 191 3032 ll11perio:
214 2983 243 3024 et
258 2966 384 3042 primum
399 2965 519 3041 pedibus
535 2965 633 3021 talaria
649 2966 740 3022 nectit

84 3051 152 3112 aurea,
165 3068 234 3123 quae
250 3046 404 3103 sublimem
420 3045 470 3102 alis
486 3045 544 3102 sive
561 3066 682 3121 aequora
697 3067 779 3122 supra
878 3073 914 3107 κο

85 3129 118 3172 Seu
130 3137 220 3184 terram
236 3125 338 3203 rapido
353 3126 457 3201 pariter
473 3146 538 3182 cum
554 3125 670 3182 flamine
687 3143 811 3202 portant.

370 3231 414 3264 217
433 3218 553 3263 subnexus.
