2002 3614
65 197 95 245 72
337 187 363 235 P.
381 185 522 235 VERGILI
540 185 699 236 MARONIS

106 336 159 372 nec
176 316 232 372 iam
247 316 385 374 furtivum
400 316 479 374 Dido
494 316 648 375 meditatur
663 336 789 373 amorem
804 337 811 373 :

2 396 758 493 r—*anqocatgjoe-praeQerine
773 397 925 489 culpam7

147 478 292 553 extemplo
307 477 415 553 Libyae
431 497 544 552 magnas
559 478 581 535 it
597 477 854 554 Fama'perurbes,

107 559 200 628 Fama,
216 558 324 614 malum
339 579 394 634 qua
409 578 467 614 non
483 559 560 616 aliud
575 558 702 615 velocius
717 557 811 615 ullum
824 582 833 626 ;

106 637 264 695 mobilitate
279 638 365 712 viget,
380 638 510 716 viresque
526 639 648 716 adquirit
664 639 782 708 eund03

106 739 190 795 parva
206 734 285 775 metu
300 719 404 794 primo,
419 739 485 776 mox
501 740 559 776 sese
574 718 680 776 attollit
695 719 725 775 in
741 739 832 788 auras,

107 799 321 876 ingrediturque
337 800 405 871 s010‚
423 815 450 856 et
466 816 551 876 caput
566 799 642 856 inter
657 799 756 856 nubila
771 799 879 861 condit.

107 879 187 936 illam
202 879 293 936 Terra
307 900 418 956 parens,
433 880 472 936 ira
487 877 601 937 inritata
616 880 742 948 deorum,

107 976 273 1030 extremam,
288 976 319 1017 ut
334 960 496 1036 perhibent,
513 961 592 1018 Coeo
608 960 814 1037 Enceladoque
830 975 925 1017 sorore

107 1041 267 1117 progenuit,
283 1041 404 1117 pedibus
419 1041 543 1098 celerem
560 1057 587 1098 et
603 1041 767 1117 pernicibus
783 1041 855 1110 alis;

107 1137 264 1178 monstrum
287 1121 472 1191 horrendum,
488 1121 596 1195 ingens,
614 1122 659 1179 cui
682 1137 752 1199 quot
768 1137 835 1179 sunt
849 1140 925 1196 corp

188 1202 311 1278 plumae,

108 1297 149 1339 tot
164 1282 263 1356 vigiles
278 1282 355 1339 oculi
371 1283 475 1352 subter,
491 1283 622 1340 mirabile
638 1283 727 1352 dictu,

107 1379 149 1420 tot
165 1363 288 1436 linguae,
305 1363 425 1420 totidem
441 1384 488 1419 ora
504 1379 614 1433 sonant,
631 1380 672 1421 tot
688 1363 808 1438 subrigit
822 1383 908 1429 aures.

108 1459 192 1500 nocte
209 1443 282 1499 volat
298 1443 369 1500 caeli
386 1444 482 1500 medio
498 1460 646 1520 terraeque
662 1465 713 1520 per
728 1444 859 1502 umbram

108 1524 236 1592 stridens,
253 1544 306 1580 nec
322 1523 400 1581 dulci
417 1524 542 1581 declinat
558 1524 668 1581 lumina
683 1544 805 1593 somno;

107 1605 173 1661 luce
188 1604 266 1661 sedet
281 1620 373 1661 custos
389 1621 436 1662 aut
452 1605 554 1661 summi
570 1605 697 1662 culmine
713 1605 793 1675 tecti,

108 1684 231 1742 turribus
246 1701 293 1741 aut
308 1685 379 1754 altis,
398 1702 425 1742 et
440 1705 554 1758 magnas
570 1685 677 1742 territat
693 1685 785 1754 urbes,

108 1781 164 1821 tam
181 1765 239 1821 ficti
256 1765 391 1842 pravique
407 1781 493 1822 tenax
508 1785 594 1843 quam
610 1767 711 1823 nuntia
725 1766 795 1824 veri.
838 1778 842 1785 '

107 1847 178 1902 haec
195 1861 256 1902 tum
272 1846 427 1922 multiplici
443 1846 564 1923 populos
580 1867 710 1904 sermone
725 1847 855 1923 replebat

107 1926 233 2000 gaudens
250 1943 277 1983 et
292 1927 396 2002 pariter
412 1928 486 1984 facta
501 1943 588 2004 atque
603 1928 711 1984 infecta
726 1929 855 2013 canebat·
863 1949 870 1984 :

107 2007 218 2063 venisse
233 2007 364 2077 Aenean,
380 2007 509 2064 Troiano
524 2007 661 2082 sanguine
677 2024 796 2076 cretum,

109 2088 154 2144 cui
171 2109 198 2144 se
214 2088 334 2163 pulchra
349 2087 409 2143 viro
425 2087 558 2161 dignetur
573 2089 691 2162 iungere
705 2088 785 2146 Dido
798 2113 807 2157 ;

109 2189 186 2225 nunc
202 2168 329 2225 hiemem
344 2168 418 2225 inter
434 2189 461 2225 se
478 2169 557 2236 luxu,
574 2189 659 2245 quam
675 2169 769 2244 longa,
785 2169 889 2237 fovere,

108 2269 259 2322 regnorum
274 2249 446 2305 inmemores
463 2249 596 2326 turpique
611 2248 748 2325 cupidine
764 2265 870 2325 captos.

109 2331 178 2385 haec
196 2330 296 2405 passim
312 2330 364 2386 dea
379 2330 464 2386 foeda
478 2329 571 2386 virum
587 2329 724 2387 diffundit
739 2329 769 2386 in
785 2351 841 2388 ora.

108 2409 238 2485 protinus
253 2411 288 2467 ad
303 2431 398 2484 regem
414 2430 510 2466 cursus
526 2411 677 2486 detorquet
691 2409 804 2478 Iarban,

109 2491 297 2567 incenditque
313 2491 440 2547 animum
457 2490 550 2560 dictis,
567 2506 651 2567 atque
666 2507 778 2564 aggerat
794 2491 854 2549 iras.

149 2571 196 2626 hic
213 2572 377 2628 Hammone
393 2588 475 2639 satus
491 2587 569 2646 rapta
586 2570 790 2645 Garamantide
806 2571 925 2648 Nymph

110 2652 217 2727 templa
232 2651 292 2707 Iovi
308 2668 425 2708 centum
442 2651 504 2707 latis
520 2651 646 2708 inmania
662 2651 765 2724 regnis,

109 2749 226 2788 centum
242 2753 300 2788 aras
313 2733 418 2808 posuit,
433 2731 607 2808 vigilemque
619 2748 774 2788 sacraverat
789 2732 893 2806 ignem,

111 2811 243 2868 excubias
259 2812 354 2869 divom
371 2828 508 2878 aeternas
524 2813 728 2889 pecudumque
744 2832 845 2869 cruore

109 2892 214 2966 pingue
231 2892 330 2962 solum,
348 2909 375 2949 et
390 2892 472 2948 variis
487 2891 618 2949 florentia
633 2892 733 2948 limina
748 2893 836 2951 sertis,

109 2971 189 3048 isque
204 2993 300 3028 amens
316 2973 412 3040 animi,
431 2989 458 3029 et
473 2993 583 3028 rumore
600 2993 734 3029 accensus
750 2993 855 3045 amaro,

109 3051 214 3108 dicitur
229 3069 295 3110 ante
311 3074 376 3119 aras,
394 3052 487 3109 media
502 3052 576 3108 inter
591 3051 709 3109 numina
724 3052 833 3126 divom,

109 3133 200 3189 multa
216 3135 315 3189 Iovem
332 3133 463 3191 manibus
478 3133 598 3208 supplex
614 3153 703 3189 orasse
718 3133 849 3210 supinis:

467 3239 512 3283 174
528 3241 579 3285 quo.
