2002 3614
72 169 101 229 98
174 159 178 166 ⁸
348 171 374 217 P.
391 169 533 217 VERGILI
551 169 707 218 MARONIS

90 303 177 356 ‘nate
193 300 256 370 dea,
272 298 293 356 si
310 319 397 356 nemo
413 297 500 355 audet
515 318 545 355 se
560 297 676 355 credere
691 318 818 374 pugnae,

109 400 182 456 quae
199 376 264 436 finis
279 378 393 436 standi?
414 400 472 456 quo
487 399 534 436 me
548 378 635 435 decet
650 399 740 456 usque
756 380 875 438 teneri?

87 464 91 473 “
110 459 216 517 ducere
232 459 307 517 dona
323 459 410 517 iube!
454 459 553 517 cuncti
570 459 656 517 simul
671 479 720 516 ore
736 460 905 518 fremebant

110 539 304 610 Dardanidae,
321 539 462 616 reddique
476 539 538 596 viro
553 538 689 616 promissa
705 539 859 600 iubebant.

110 621 157 678 hic
173 620 264 695 gravis
279 621 431 678 Entellum
447 619 531 678 dictis
547 619 666 694 castigat
679 621 810 691 Acestes,

111 700 256 777 proximus
272 717 304 758 ut
319 700 462 757 viridante
479 716 542 757 toro
557 701 726 758 consederat
742 703 870 760 herbae:

91 783 235 853 ‘Entelle
251 783 372 840 heroum
387 781 535 859 quondam
550 780 704 838 fortissime
720 782 837 853 frustra,

111 879 228 920 tantane
244 879 301 920 tam
315 862 427 938 patiens
443 864 526 919 nullo
541 861 698 919 certamine
714 861 778 918 tolli
944 893 964 931 35

111 944 186 1001 dona
201 943 295 1000 sines?
317 943 366 1000 ubi
383 963 461 1000 nunc
479 942 561 1000 nobis
576 941 646 1001 deus
662 942 722 1012 ille,
738 942 876 1017 magister

112 1024 287 1102 nequiquam
302 1039 484 1094 memoratus,
502 1024 599 1099 Eryx?
621 1022 670 1080 ubi
686 1023 761 1081 fama
776 1043 962 1099 peromnem

112 1105 304 1175 Trinacriam,
321 1120 349 1162 et
364 1104 454 1180 spolia
471 1104 519 1161 illa
536 1103 591 1161 tuis
607 1103 766 1184 pendentia
781 1104 902 1162 tectis?’

112 1186 162 1243 ille
177 1186 229 1243 sub
244 1187 333 1242 haec:
356 1191 432 1242 ‘non
448 1184 542 1242 laudis
558 1204 647 1255 amor,
663 1204 717 1241 nec
731 1184 822 1258 gloria
838 1185 925 1243 cessit

111 1267 192 1343 pulsa
207 1281 307 1335 metu;
328 1265 377 1322 sed
392 1265 471 1322 enim
487 1264 598 1339 gelidus
614 1265 746 1322 tardante
761 1281 882 1324 senecta

112 1347 225 1422 sanguis
240 1347 337 1417 hebet,
353 1346 518 1423 frigentque
535 1346 638 1403 effetae
654 1345 684 1402 in
699 1366 820 1422 corpore
835 1346 922 1405 vires.

112 1428 134 1484 si
150 1427 231 1498 mihi,
247 1448 320 1504 quae
335 1426 482 1504 quondam
499 1426 603 1496 fuerat,
620 1447 733 1504 quaque
748 1426 891 1503 inprobus
907 1427 959 1485 iste

113 1508 237 1566 exsultat
253 1508 352 1578 fidens,
368 1506 390 1564 si
407 1527 486 1564 nunc
503 1507 578 1564 foret
594 1506 644 1564 illa
659 1506 799 1578 iuventas,

112 1588 189 1646 haud
204 1587 339 1666 equidem
354 1587 448 1664 pretio
464 1587 603 1645 inductus
617 1587 800 1664 pulchroque
815 1587 943 1662 iuvenco

113 1669 263 1738 venissem,
280 1688 333 1725 nec
348 1667 424 1725 dona
441 1668 555 1726 moror!
599 1668 638 1725 sic
653 1666 758 1725 deinde
774 1669 890 1727 locutus
945 1699 964 1735 ⁴<

113 1750 143 1806 in
160 1749 287 1806 medium
302 1748 431 1822 geminos
448 1747 559 1806 inmani
576 1748 704 1826 pondere
719 1764 832 1806 caestus

112 1829 244 1906 proiecit,
261 1829 364 1906 quibus
379 1849 445 1886 acer
461 1829 537 1904 Eryx
553 1828 584 1886 in
599 1828 708 1905 proelia
723 1844 821 1887 suetus

113 1911 187 1968 ferre
203 1930 321 1967 manum
335 1909 467 1987 duroque
483 1909 637 1967 intendere
652 1909 784 1967 bracchia
800 1924 891 1984 tergo.

114 1991 277 2067 obstipuere
292 1989 400 2047 animi:
423 2005 571 2047 tantorum
587 1989 717 2064 ingentia
732 2005 845 2067 septem

115 2088 191 2146 terga
207 2072 294 2128 bourn
309 2071 428 2147 plumbo
444 2070 542 2126 insuto
558 2070 693 2147 ferroque
707 2070 849 2144 rigebant.

114 2169 180 2209 ante
196 2172 294 2208 omnes
309 2165 405 2226 stupet
421 2149 481 2226 ipse
498 2149 598 2220 Dares,
615 2151 757 2228 longeque
773 2167 907 2223 recusat;

115 2231 371 2307 magnanimusque
386 2230 578 2288 Anchisiades
595 2245 624 2287 et
637 2230 751 2308 pondus
766 2230 872 2308 etipsa

114 2315 171 2369 huc
188 2313 258 2369 illuc
274 2312 438 2369 vinclorum
453 2311 586 2368 inmensa
601 2310 749 2367 volumina
763 2329 868 2370 versat.

115 2410 176 2450 tum
192 2393 287 2449 senior
302 2393 371 2449 tales
386 2392 531 2449 referebat
547 2407 666 2469 pectore
680 2411 782 2448 voces:

95 2474 194 2551 ‘quid,
210 2474 232 2530 si
248 2473 310 2550 quis
325 2487 435 2529 caestus
452 2471 540 2549 ipsius
558 2488 587 2528 et
603 2471 740 2529 Herculis
756 2493 833 2530 arma
946 2504 964 2540 ⁴³

115 2555 240 2624 vidisset,
251 2553 425 2629 ¹tristemque
441 2553 495 2609 hoc
514 2552 575 2629 ipso
591 2551 621 2608 in
638 2552 722 2611 litore
737 2560 886 2629 pugnam?

116 2638 185 2692 haec
202 2654 352 2708 germanus
373 2634 449 2709 Eryx
466 2632 615 2709 quondam
634 2648 700 2690 tuus
716 2654 792 2690 arma
807 2637 942 2708 gerebat:

116 2715 254 2789 sanguine
270 2713 363 2771 cernis
379 2714 473 2771 adhuc
491 2733 646 2791 sparsoque
662 2713 771 2772 infecta
787 2717 916 2773 cerebro.

112 2796 159 2851 ‘his
175 2815 310 2869 magnum
324 2794 450 2852 Alciden
468 2809 569 2850 contra
585 2794 683 2864 stetit3
705 2794 748 2851 his
764 2815 816 2869 ego
832 2813 937 2866 suetus,

116 2876 186 2932 dum
201 2875 303 2932 melior
318 2875 391 2932 vires
408 2874 521 2948 sanguis
538 2874 631 2946 dabat,
648 2875 761 2932 aemula
777 2876 904 2934 necdum

117 2956 293 3031 temporibus
308 2956 429 3031 geminis
446 2956 567 3013 canebat
583 2976 676 3031 sparsa
691 2971 833 3014 senectus.

117 3037 175 3105 sed,
191 3036 212 3091 si
229 3053 323 3093 nostra
340 3037 431 3094 Dares
446 3037 517 3092 haec
535 3035 642 3092 Troius
657 3056 735 3093 arma
750 3054 871 3108 recusat,

117 3117 204 3192 idque
219 3117 267 3192 pio
283 3117 363 3174 sedet
378 3117 504 3186 Aeneae,
520 3117 622 3192 probat
638 3132 739 3174 auctor
752 3118 882 3188 Acestes,

118 3216 270 3274 aequemus
288 3217 404 3272 pugnas.
448 3197 546 3272 Erycis
563 3197 615 3254 tibi
632 3213 708 3273 terga
724 3197 862 3268 remitt03
