2002 3614
306 169 473 219 Aruernos
492 169 554 218 rra.
573 169 611 218 ιν
630 135 633 140 ⁴

86 309 104 348 et
115 297 195 369 procul
209 296 240 352 in
257 311 377 354 tenuem
393 317 427 354 ex
443 296 533 354 oculis
549 297 666 354 evanuit
681 319 788 356 auram.

112 389 202 433 atvero
217 378 330 434 Aeneas
346 392 461 454 aspectu
476 378 622 435 obmutuit
636 398 744 449 amens,

85 472 231 535 arrectaeque
246 459 363 514 horrore
379 478 487 528 comae,
503 473 532 516 et
546 479 601 515 vox
617 458 746 516 faucibus
762 460 862 518 haesit.
877 479 915 517 280

84 535 139 593 ardet
151 537 221 595 abire
236 539 303 613 fuga
318 538 474 617 dulcesque
491 536 653 617 relinquere
669 556 766 610 terras,

84 617 189 674 attonitus
205 635 287 676 tanto
302 619 414 677 monitu
430 619 609 696 imperioque
624 619 752 678 deorum.

84 693 129 765 heu,
141 699 202 776 quid
216 704 298 774 agat?
320 721 376 778 quo
392 720 470 757 nunc
486 699 614 775 reginam
630 700 738 758 ambire
753 701 898 759 furentem

83 776 158 835 ardeat
171 780 286 838 adfatu?
308 801 380 859 quae
396 780 487 857 prima
503 781 617 838 exordia
632 786 744 838 sumat?

83 870 143 943 atque
155 861 280 918 animum
296 882 374 941 nunc
389 864 445 918 huc
462 862 598 931 celerem,
614 883 692 919 nunc
708 861 810 919 dividit
827 863 908 934 illuc,

83 954 104 991 ut
113 957 245 1018 partesque
262 941 334 1018 rapit
349 941 437 998 varias
453 962 562 1019 perque
576 942 672 999 omnia
688 959 789 1001 versat.

82 1015 131 1075 haec
143 1021 294 1078 alternanti
309 1021 404 1099 potior
419 1023 564 1080 sententia
578 1023 637 1080 visa
652 1040 711 1080 est:

84 1094 209 1158 Mnesthea
226 1103 448 1180 Sergestumque
463 1119 546 1160 vocat
561 1104 724 1180 fortemque
741 1105 884 1162 Serestum
897 1127 917 1173 εΥ

82 1176 171 1237 classem
185 1198 286 1259 aptent
302 1182 381 1240 taciti
397 1182 544 1260 sociosque
560 1183 595 1240 ad
610 1184 693 1241 litora
709 1201 830 1259 cogant3

82 1275 135 1316 arna
148 1279 254 1338 parent,
271 1279 309 1333 et,
326 1283 398 1340 quae
413 1263 496 1320 rebus
512 1263 547 1320 sit
563 1285 646 1321 causa
662 1265 812 1334 novandis,
877 1295 915 1334 290

82 1336 251 1401 dissimulent:
274 1364 335 1400 sese
351 1342 470 1414 interea,
487 1344 602 1421 quando
616 1344 724 1421 optima
739 1345 817 1403 Dido

82 1422 170 1494 nesciat,
189 1440 216 1480 et
233 1440 326 1480 tantos
342 1424 435 1502 rumpi
451 1444 510 1480 non
526 1441 619 1500 speret
635 1445 751 1493 amores,

82 1512 260 1578 temptaturum
276 1504 377 1575 aditus,
395 1520 422 1560 et
438 1525 511 1581 quae
526 1504 692 1562 mollissima
708 1506 788 1563 fandi

82 1592 189 1659 tempora,
206 1585 268 1663 quis
285 1584 368 1641 rebus
384 1584 485 1641 dexter
500 1585 610 1642 modus.
653 1585 731 1643 ocius
746 1607 845 1644 omnes

72 1655 108 1725 ,lm
125 1666 173 1722 erio
188 1665 256 1723 laeti
270 1681 382 1741 parent,
399 1686 429 1721 ac
446 1664 518 1722 iussa
533 1665 685 1723 facessunt.

70 1682 129 1836 λῑ
141 1747 231 1822 regina
248 1745 434 1822 dolos-quis
453 1745 553 1802 fallere
568 1746 655 1821 possit
671 1752 881 1804 amantem?—

82 1828 217 1898 praesensit,
233 1823 386 1904 motusque
403 1825 516 1902 excepit
531 1826 622 1902 prima
637 1827 756 1897 futuros,

82 1907 153 1964 onnia
165 1924 224 1966 tuta
241 1909 356 1982 timens.
400 1907 502 1964 eadem
516 1905 595 1984 inpia
610 1908 696 1963 Fama
712 1908 818 1965 furenti

82 1979 160 2044 detulit
173 1989 274 2046 armari
290 1989 409 2045 classem
425 2007 597 2064 cursumque
611 1987 712 2064 parari.
755 2048 794 2064 R,
850 2055 857 2061 ⁶

82 2067 146 2124 saevit
158 2069 237 2147 inops
253 2069 352 2139 animi,
368 2082 515 2145 totamque
529 2067 647 2126 incensa
661 2090 712 2144 per
728 2069 828 2126 urbem
876 2099 914 2136 300

82 2138 225 2220 bacchatur3
247 2149 339 2227 qualis
355 2148 505 2207 commotis
521 2149 614 2206 excita
629 2148 712 2205 sacris

83 2218 174 2301 Thyias,
190 2231 237 2289 ubi
254 2229 352 2287 audito
368 2229 517 2286 stimulant
533 2229 675 2286 trieterica
691 2229 806 2286 Baccho

83 2305 145 2377 Orgia,
157 2329 369 2388 nocturnusque
384 2327 467 2366 vocat
482 2311 607 2366 clamore
624 2309 792 2367 Cithaeron.

83 2387 172 2448 tattdcrn
186 2393 228 2450 his
243 2394 364 2449 Aenean
380 2391 537 2466 compellat
552 2390 667 2447 vocibus
683 2390 757 2447 ultro
772 2412 779 2448 :

112 2468 287 2530 ‘dissimulare
304 2472 389 2528 etiam
405 2470 530 2547 sperasti,
547 2469 663 2547 perfide,
680 2487 792 2528 tanturn

83 2558 142 2612 Posse
154 2554 237 2623 nefas,
254 2553 415 2630 tacitusque
431 2572 493 2608 mea
510 2551 650 2608 decedere
666 2556 756 2608 terra?

85 2637 122 2680 flet
135 2646 156 2687 te
170 2650 263 2690 noster
278 2654 364 2702 amor,
382 2653 435 2690 nec
453 2649 480 2689 te
496 2633 560 2688 data
577 2631 693 2688 dextera
708 2633 862 2708 quondam,

85 2717 122 2761 flet
135 2714 260 2772 moritura
276 2730 356 2770 tenet
372 2713 480 2771 crudeli
498 2713 598 2768 funere
614 2712 711 2768 Dido?

84 2784 224 2854 quinetiam
239 2794 361 2851 hiberno
377 2794 482 2851 moliris
499 2793 590 2849 sidere
606 2794 733 2863 classem,

86 2876 105 2916 ll
116 2874 198 2931 mediis
211 2896 345 2951 properas
360 2875 550 2951 Aquilonibus
566 2874 607 2930 ire
622 2895 673 2950 per
688 2875 787 2943 altuni,
878 2902 914 2940 310

85 2948 196 3024 erudelis?
216 2956 304 3032 quid?
327 2955 347 3011 si
364 2977 421 3012 non
437 2977 501 3012 arva
517 2956 609 3011 aliena
625 2955 779 3030 domosque

85 3037 166 3091 lenens
180 3054 297 3110 peteres,
315 3053 342 3093 et
358 3037 447 3093 Troia
463 3036 580 3112 antiqua
595 3051 734 3104 maneret,

86 3097 152 3166 Troia
164 3135 209 3189 per
225 3118 367 3174 undosum
382 3133 526 3193 peteretur
541 3116 675 3173 classibus
692 3119 813 3191 aequor?

394 3225 438 3269 309
457 3209 540 3255 moliri.
