2002 3614
275 191 443 239 Aruernos
461 191 523 239 urs.
541 193 579 239 tv
643 251 646 258 q
850 193 880 252 ⁶9

389 293 404 305 ,
433 310 435 313 ,
479 291 505 325 ,5
536 274 574 301 ἐν
604 292 625 311 ,
655 275 672 289 ”

59 314 211 398 instauratque
226 320 305 378 diem
322 321 413 391 donis,
429 314 632 398 pecudumque
647 320 763 378 reclusis

58 401 182 472 pectoribus
197 402 313 459 inhians
328 402 464 478 spirantia
480 402 603 459 consulit
619 418 692 460 exta.

58 477 94 536 heu
105 499 188 540 vatum
203 484 318 558 ignarae
333 484 464 540 mentes!
489 483 558 560 quid
573 499 638 540 vota
654 483 809 554 furentem,

57 560 103 633 quid
114 563 223 621 delubra
238 564 362 620 iuvant?
384 580 425 620 est
440 565 542 620 molles
557 563 671 620 flamma
686 564 826 620 medullas

34 637 141 775 jinerea,
156 660 183 701 et
197 645 317 702 tacitum
332 645 403 702 vivit
418 645 469 701 sub
484 660 601 720 pectore
616 644 728 703 vulnus.

56 721 118 780 uritur
130 725 227 782 infelix
243 725 322 783 Dido
338 741 454 803 totaque
469 742 585 820 vagatpr

56 802 102 859 urbe
113 805 212 877 furens,
228 806 319 889 qualis
332 806 466 863 coniecta
480 827 564 863 cerva
580 807 697 881 sagitta?

55 901 113 955 quan
124 887 220 962 procul
236 887 383 943 incautam
398 907 515 943 nemora
530 887 607 944 inter
623 887 721 943 Cresia
736 886 798 943 fixit
857 917 882 953 70

54 980 123 1038 PQ
134 987 214 1041 agens
231 967 304 1037 telis,
321 967 464 1044 liquitque
479 968 596 1024 volatile
612 968 719 1024 ferrum

55 1042 154 1131 nescim:
174 1048 225 1105 illa
241 1049 306 1122 fuga
323 1048 404 1104 silvas
420 1049 563 1125 saltusque
577 1065 706 1125 peragrat

19 1140 22 1149 ’
55 1118 156 1184 Dictaeos
169 1154 177 1199 ;
198 1129 298 1185 haeret
313 1128 392 1208 lateri
402 1128 502 1208 letalis
516 1129 655 1187 harundo.

55 1221 107 1262 nunc
120 1209 208 1265 media
223 1211 344 1266 Aenean
360 1230 457 1266 secum
472 1230 523 1285 per
538 1209 651 1266 moenia
667 1209 755 1279 ducit,

56 1282 210 1371 bidoniasque
225 1305 350 1347 ostentat
365 1311 433 1367 opes
448 1291 606 1367 urbemque
621 1307 768 1367 paratam;

56 1365 129 1443 ncipit
143 1370 228 1441 effari,
244 1370 396 1447 mediaque
412 1370 442 1427 in
457 1390 528 1427 voce
543 1371 645 1428 resistit
659 1393 666 1442 ;
727 1371 739 1394 '

56 1462 108 1504 uunc
122 1450 216 1508 eadem
232 1450 348 1507 labente
364 1451 411 1508 die
426 1451 558 1509 convivia
574 1452 692 1528 quaerit,

56 1522 182 1606 Iliacusque
197 1531 303 1589 iterum
317 1529 435 1588 demens
452 1532 549 1588 audire
565 1532 674 1588 labores
752 1594 755 1601 ,

56 1610 160 1682 exposcit,
175 1612 343 1689 pendetque
357 1611 462 1670 iterum
478 1612 617 1668 narrantis
632 1613 667 1668 ab
682 1633 738 1691 ore.

57 1703 105 1758 post,
117 1691 158 1748 ubi
173 1692 298 1766 digressi,
315 1692 472 1770 lumenque
487 1693 605 1758 obscura
619 1687 747 1749 vicissim
857 1710 883 1748 80

57 1762 103 1824 luna
114 1773 219 1847 premit,
235 1766 419 1867 nipede—ntque
430 1773 563 1849 cadentia
578 1773 669 1830 sidera
684 1793 806 1842 somnos,

10 1870 23 1889 ·-
58 1846 97 1931 sola
107 1850 181 1910 domo
196 1869 305 1911 maeret
320 1875 419 1925 vacua,
435 1846 584 1930 stratisque
600 1839 705 1910 relictis

58 1930 160 1991 incubat:
182 1935 266 1991 illum
282 1934 380 1990 absens
397 1935 545 1992 absentem
560 1934 696 2010 auditque
710 1934 857 2010 videtque,

59 2023 90 2062 aut
100 2015 192 2083 gremio
206 2015 364 2071 Ascanium
380 2015 516 2089 genitoris
532 2014 657 2090 imagine
672 2029 755 2090 capta

59 2082 146 2164 detinet,
159 2094 311 2152 infandum
328 2095 350 2151 si
365 2096 467 2152 fallere
482 2096 570 2172 possit
585 2115 719 2152 amorem.

59 2181 98 2223 uon
108 2146 215 2251 cb'dptae
230 2175 388 2251 adsurgunt
404 2192 492 2233 turres
506 2201 515 2245 ;
537 2196 596 2232 non
612 2196 688 2232 arma
703 2175 837 2232 iuventus
855 2242 858 2246 .

60 2261 149 2325 exercet,
162 2272 297 2332 portusve
313 2273 361 2314 aut
376 2257 592 2333 propugnacula
606 2256 684 2312 bello

60 2338 100 2384 tuta
109 2351 218 2408 parant:
240 2337 374 2413 pendent
389 2357 475 2413 opera
490 2337 659 2413 interrupta,
676 2336 828 2413 minaeque

19 2456 24 2465 .
61 2421 168 2473 uutorum
182 2417 323 2492 ingentes,
341 2433 518 2494 aequataque
534 2417 667 2474 machina
683 2417 772 2475 caelu.
846 2462 901 2500 w

86 2510 151 2565 quarn
164 2498 246 2555 simul
263 2519 295 2555 ac
312 2498 362 2555 tali
378 2499 517 2574 persensit
532 2514 611 2574 peste
628 2497 718 2555 teneri
858 2527 883 2566 90

61 2582 102 2658 lata
112 2575 176 2635 lovis
191 2579 330 2650 coniunx,
347 2600 400 2636 nec
416 2579 522 2636 famam
538 2579 648 2635 obstare
665 2579 760 2648 furori,

61 2647 133 2712 talibus
144 2659 304 2734 adgreditur
319 2661 466 2717 Venerem
483 2660 614 2717 Saturnia
630 2660 712 2716 dictis
728 2682 734 2716 :

47 2726 165 2807 ‘egregiam
178 2763 245 2799 vero
261 2742 377 2799 laudem
393 2758 421 2798 et
436 2742 525 2819 spolia
541 2742 636 2817 ampla
651 2740 761 2797 refertis

61 2819 248 2900 tu<ltltpuerque
260 2839 326 2881 tuus
339 2847 349 2892 ;
371 2843 505 2897 magnum
519 2839 547 2880 et
559 2822 744 2879 memorabile
756 2840 873 2889 nornen,

62 2903 99 2946 lssfl
109 2896 162 2959 dolo
176 2905 272 2964 divom
288 2903 309 2961 si
326 2903 435 2960 femina
450 2904 525 2961 victa
541 2905 663 2961 duorum
680 2919 729 2960 est.

10 2952 13 3041 l
61 2984 96 3026 ΜΕ
106 2996 141 3036 me
152 2985 219 3043 adeo
234 2984 321 3056 fallit,
338 2984 458 3041 veritam
475 3001 502 3041 te
518 2984 632 3042 moenia
648 3002 741 3040 nostra

10 3054 13 3093 ¹
62 3065 164 3126 lustras
178 3065 310 3124 habuisse
325 3064 425 3122 domos
442 3065 624 3140 Carthaginis
640 3066 722 3122 altae.

61 3130 93 3184 ⁵⁶d
104 3141 151 3212 quis
165 3147 215 3206 erit
228 3145 345 3215 modus,
360 3162 408 3202 aut
423 3167 479 3222 quo
496 3168 573 3203 nunc
590 3146 746 3202 certamine
762 3145 864 3200 tanto?

360 3256 391 3303 94
408 3258 502 3288 numen.
