2002 3614
319 178 485 226 Aruernos
504 179 567 225 ιιι.
584 180 609 222 v
883 191 928 238 109

66 322 176 384 cogunt
190 327 245 378 me,
262 306 409 383 Neptune,
424 326 523 383 preces
537 306 711 363 descendere
727 304 757 361 in
772 324 890 373 omnes;

64 409 153 467 quarn
169 408 222 445 nec
238 388 321 462 longa
335 387 406 457 dies,
421 387 509 463 pietas
523 406 577 444 nec
593 386 705 462 mitigat
719 386 787 454 ulla,

64 490 121 527 nec
137 469 213 527 Iovis
227 467 349 546 imperio
362 467 461 526 fatisve
476 467 598 525 infracta
612 466 741 544 quiescit.

64 571 125 608 non
141 549 236 607 media
250 549 285 607 de
300 564 385 625 gente
401 549 545 623 Phrygum
559 547 684 605 exedisse
700 547 830 605 nefandis

66 631 170 688 urbem
184 629 258 686 odiis
273 629 339 687 satis
354 646 405 699 est,
421 649 475 686 nec
490 648 615 706 poenam
630 644 709 685 traxe
724 647 906 705 peromnem
922 651 929 685 ε

66 710 204 788 reliquias
219 709 336 780 Troiae,
352 710 463 767 cineres
462 724 565 801 'atque
580 729 640 766 ossa
655 724 820 786 peremptae

66 790 242 868 insequitur.
283 810 380 848 causas
397 789 470 847 tanti
486 790 557 846 sciat
571 789 622 846 illa
637 789 749 847 furoris

66 873 128 950 ipse
143 871 216 928 mihi
232 890 325 948 nuper
340 870 457 947 Libycis
473 886 504 927 tu
521 869 600 927 testis
615 869 646 926 in
662 870 756 939 undis,

66 973 169 1044 quam
166 952 274 1009 molem
285 951 381 1008 subito
394 967 534 1009 exerent
557 970 645 1007 marra
660 970 756 1007 omma
771 950 852 1008 caelo
894 979 933 1018 790

66 1033 195 1125 miscuit,
210 1031 320 1089 Aeoliis
336 1031 513 1109 nequiquam
528 1031 601 1088 freta
614 1030 759 1108 procellis,

66 1114 98 1170 in
114 1112 211 1189 regnis
225 1114 280 1169 hoc
296 1132 362 1169 ausa
378 1112 444 1170 tuis.

66 1214 119 1271 per
135 1193 229 1250 scelus
244 1212 312 1250 ecce
328 1192 416 1250 e‘tiam
431 1190 566 1249 Troianis
582 1191 720 1249 matribus
735 1191 806 1249 actis

67 1273 178 1332 exussit
193 1273 277 1331 foede
292 1293 403 1350 puppes
417 1298 426 1342 ;
447 1287 476 1329 et
491 1273 580 1330 classe
595 1272 707 1347 subegit

68 1355 171 1412 amissa
186 1353 277 1411 socios
292 1353 407 1430 ignotae
423 1353 555 1430 linquere
571 1368 672 1412 terrae.

67 1435 147 1513 quod
161 1449 300 1511 superest,
316 1455 375 1505 oro,
391 1433 478 1491 liceat
492 1433 560 1490 dare
575 1448 637 1491 tuta
652 1454 703 1510 per
718 1434 808 1491 undas

67 1516 132 1573 vela
148 1514 213 1586 tibi,
229 1514 316 1572 liceat
332 1515 509 1572 Laurentem
524 1513 664 1589 attingere
680 1514 834 1590 Thybrim,

68 1597 90 1653 si
107 1616 244 1654 concessa
258 1611 337 1672 peto,
353 1594 375 1652 si
391 1595 462 1652 dant
476 1615 509 1651 ea
524 1595 638 1652 moenia
655 1594 779 1652 Pareae.'

109 1693 173 1734 tum
190 1675 341 1733 Saturnius
356 1677 427 1733 haec
443 1674 566 1733 domitor
581 1675 666 1732 maris
681 1675 772 1733 edidit
788 1675 838 1732 alti
853 1697 860 1732 ι

49 1758 109 1815 ‘fas
125 1777 213 1815 omne
229 1771 281 1827 est,
297 1756 453 1833 Cytherea,
469 1755 539 1813 meis
556 1771 584 1813 te
599 1756 688 1813 fidere
704 1755 806 1830 regnis,
895 1773 934 1813 ιω

70 1838 148 1896 unde
163 1857 254 1913 genus
269 1801 361 1895 ducis.
404 1836 496 1893 merui
512 1856 649 1914 quoque;
670 1857 753 1914 saepe
768 1836 875 1892 furores

69 1917 225 1996 compressi
241 1933 271 1975 et
286 1916 395 1975 rabiem
410 1932 521 1974 tantam
536 1916 667 1994 caelique
682 1916 834 1993 marisque.

71 2019 125 2057 nec
141 1998 237 2056 minor
250 1997 280 2055 in
297 1997 573 2056 terris-Xanthum
587 1997 789 2073 Simoentaque
805 2012 933 2054 testor—

70 2081 189 2137 Aeneae
203 2079 276 2136 mihi
292 2099 360 2136 cura
376 2078 429 2135 tui.
471 2098 539 2135 curn
554 2078 643 2134 Tro‘1'a
657 2077 788 2135 Achilles

71 2159 236 2217 exanimata
251 2179 373 2237 sequens
388 2158 552 2236 inpingeret
567 2158 680 2233 agmina
695 2157 791 2226 muris,

71 2240 151 2298 milia
167 2240 260 2297 multa
275 2240 355 2297 daret
370 2240 439 2309 leto,
454 2254 661 2316 gemerentque
676 2238 778 2315 repleti

71 2341 180 2391 amnes,
197 2340 251 2377 nec
267 2319 390 2396 reperire
406 2319 482 2375 viam
497 2335 583 2396 atque
599 2320 728 2376 evolvere
743 2334 837 2394 posset

72 2401 102 2457 in
117 2421 196 2458 mare
212 2420 241 2457 se
258 2401 400 2470 Xanthus,
417 2399 534 2456 Pelidae
550 2415 619 2457 tunc
636 2419 687 2473 ego
701 2399 767 2455 forti
813 2406 822 2424 ⁰

72 2500 257 2556 congressum
271 2482 391 2537 Aenean
408 2500 461 2537 nec
478 2479 519 2537 dis
535 2500 589 2536 nec
604 2479 711 2536 viribus
726 2479 823 2556 aequis

73 2562 149 2618 nube
166 2581 235 2618 cava
251 2560 341 2636 rapui,
357 2579 492 2637 cuperem
508 2580 575 2616 curn
591 2575 702 2617 vertere
717 2560 752 2617 ab
768 2560 826 2617 imo
897 2577 936 2616 810

73 2658 181 2699 structa
196 2640 268 2697 meis
283 2640 414 2697 manibus
429 2641 560 2717 periurae
576 2640 688 2697 moenia
704 2641 821 2698 Troiae.

75 2743 152 2779 nunc
166 2741 282 2799 quoque
293 2740 372 2777 mens
385 2721 485 2779 eadem
495 2737 603 2798 perstat
613 2721 703 2778 mihi:
718 2721 828 2797 pelle
809 2737 933 2778 timores.

74 2820 162 2872 tutus,
178 2823 249 2879 quos
264 2816 355 2877 optas,
371 2819 468 2878 portus
484 2802 603 2859 accedet
617 2802 736 2859 Averni.

74 2905 146 2941 unus
163 2884 218 2940 erit
233 2897 358 2951 tantum,
374 2882 507 2940 amissum
523 2903 608 2959 quem
624 2882 734 2956 gurgite
750 2902 890 2959 quaeres,

73 2985 164 3022 unum
178 2985 232 3041 pro
248 2961 348 3019 multis
363 2963 478 3021 dabitur
493 2962 598 3038 caput?

71 3046 113 3102 his
130 3045 179 3102 ubi
196 3045 273 3101 laeta
290 3040 359 3099 deae
375 3043 525 3135 permulsit
540 3058 656 3133 pectora
671 3042 764 3112 dictis,

71 3125 164 3202 iungit
179 3143 271 3202 equos
289 3141 356 3178 auro
369 3124 490 3198 genitor,
506 3123 725 3200 spumantiaque
741 3122 820 3178 addit

365 3216 409 3264 811
429 3217 549 3278 periturae.
