2002 3614
78 193 122 241 124
346 183 372 230 P.
390 180 531 230 VERGILI
550 181 706 229 MARONIS

156 309 299 368 Cerberus
314 312 384 367 haec
401 311 501 386 ingens
517 311 621 369 latratu
637 330 724 385 regna
739 311 855 370 trifauci

114 407 254 466 personat,
270 391 386 448 adverso
401 392 540 449 recubans
555 391 678 448 inmanis
692 392 723 448 in
738 409 832 452 antro.

116 471 162 528 cui
178 487 265 541 vates,
280 474 393 530 horrere
409 472 508 530 videns
524 473 582 529 iam
597 473 670 530 colla
684 473 819 541 colubris,

115 552 202 609 melle
217 569 375 628 soporatam
391 569 420 611 et
435 553 583 610 medicatis
598 553 727 628 frugibus
743 555 831 611 offam
944 585 981 622 420

116 632 213 690 obicit.
256 634 305 690 ille
322 633 397 691 fame
411 634 509 692 rabida
525 634 577 691 tria
591 651 705 707 guttura
720 636 852 711 pandens

115 714 232 791 corripit
246 714 399 784 obiectam,
413 731 499 792 atque
515 715 642 772 inmania
658 730 736 789 terga
751 716 870 773 resolvit

116 793 193 851 fusus
208 795 299 864 humi,
315 810 431 872 totoque
446 797 546 871 ingens
562 795 725 853 extenditur
739 811 831 855 antro.

115 892 238 951 occupat
252 877 364 933 Aeneas
379 877 489 934 aditum
504 876 620 934 custode
635 877 770 952 sepulto,

116 955 268 1033 evaditque
283 958 360 1014 celer
374 957 466 1034 ripam
481 956 673 1014 inremeabilis
689 957 792 1016 undae.

116 1036 255 1094 continuo
269 1037 382 1095 auditae
397 1059 489 1108 voces,
506 1037 615 1112 vagitus
631 1053 659 1095 et
674 1037 784 1112 ingens,

116 1116 317 1194 infantumque
333 1119 445 1176 animae
461 1118 561 1176 llentes
577 1119 607 1175 in
623 1118 724 1175 limine
738 1118 841 1194 primo,

116 1218 186 1274 quos
201 1198 293 1256 dulcis
308 1199 381 1257 vitae
397 1214 520 1257 exsortes
535 1215 563 1257 et
578 1198 614 1256 ab
629 1199 714 1256 ubere
729 1215 824 1275 raptos

117 1279 233 1336 abstulit
244 1297 303 1337 atra
318 1279 376 1338 dies
392 1295 420 1338 et
434 1281 536 1338 funere
551 1279 648 1336 mersit
663 1280 776 1338 acerbe.

117 1361 166 1416 hos
181 1359 261 1417 iuxta
276 1360 346 1418 falso
361 1362 488 1419 damnati
503 1361 625 1419 crimine
641 1361 748 1418 mortis.
945 1392 983 1430 430

117 1460 170 1497 nec
186 1461 253 1497 vero
267 1442 320 1498 hae
335 1441 396 1499 sine
411 1458 484 1501 sorte
497 1442 589 1510 datae,
605 1441 667 1498 sine
682 1440 787 1510 iudice,
804 1441 884 1498 sedes
899 1464 906 1499 :

117 1521 259 1597 quaesitor
275 1522 374 1579 Minos
389 1543 491 1580 urnam
506 1538 624 1591 movet3
645 1521 695 1579 ille
710 1521 848 1579 silentum
885 1523 890 1580 s

118 1601 332 1678 conciliumque
347 1620 430 1661 vocat
444 1603 573 1680 vitasque
589 1619 617 1660 et
632 1601 752 1659 crimina
766 1602 860 1661 discit.

117 1681 246 1756 proxima
261 1682 364 1740 deinde
380 1700 479 1742 tenent
494 1684 594 1742 maesti
610 1684 680 1754 loca,
697 1684 746 1760 qui
762 1683 815 1740 sibi
831 1684 924 1742 letum

118 1761 242 1819 insontes
257 1783 393 1839 peperere
408 1765 674 1842 manu,·lucemque
689 1764 780 1840 perosi

118 1842 262 1918 proiecere
278 1843 394 1902 animas.
437 1865 523 1922 quam
537 1846 646 1903 vellent
661 1847 776 1903 aethere
790 1845 821 1903 in
836 1847 897 1904 alto

119 1943 196 1980 nunc
213 1939 241 1980 et
255 1925 420 2001 pauperiem
436 1941 464 1983 et
478 1926 562 1983 duros
577 1926 701 2002 perferre
716 1926 845 1985 labores!

118 2004 158 2061 fas
174 2004 275 2073 obstat,
291 2005 418 2082 tristique
433 2007 514 2082 palus
529 2006 691 2063 inamabilis
705 2007 782 2063 unda

119 2085 232 2159 adligat,
248 2101 276 2141 et
291 2086 408 2144 noviens
425 2088 494 2162 Styx
510 2087 645 2145 interfusa
660 2103 781 2145 coercet.

160 2186 213 2222 nec
249 2169 348 2242 procul
385 2167 452 2225 hinc
488 2183 598 2244 partem
633 2168 687 2224 fusi
723 2184 918 2227 monstrantur
953 2170 982 2225 in

201 2268 317 2304 Omnem
947 2280 985 2316 44⁰

34 2331 51 2377 ἶ.
121 2320 383 2405 Lugentesicampi
397 2313 465 2398 §sic
482 2330 545 2386 illos
561 2329 677 2386 nomine
692 2329 804 2387 dieunt.

120 2410 178 2477 hic,
194 2430 266 2484 quos
277 2410 362 2466 durus
377 2431 455 2466 amor
470 2410 578 2492 crudeli
595 2410 659 2466 tabe
673 2410 794 2485 peredit,

35 2531 39 2537 .
121 2489 219 2545 secreti
236 2491 332 2547 celant
347 2491 432 2547 calles
448 2506 476 2547 ct
490 2506 600 2565 myrtea
615 2491 723 2547 circum

121 2570 190 2625 silva
206 2571 297 2643 tegit:
320 2591 403 2627 curae
419 2591 477 2627 non
492 2570 551 2645 ipsa
563 2571 593 2627 in
609 2587 699 2628 morte
714 2571 892 2647 relinquunt.

69 2676 71 2681 ·
121 2649 162 2706 his
172 2650 326 2707 Phaedram
335 2651 517 2728 Procrimque
528 2651 805 2727 locis,maestamque
813 2652 983 2728 Eriphylen,

122 2730 244 2786 crudelis
260 2732 317 2788 nati
333 2748 541 2789 monstrantem
556 2733 684 2801 vulnera,
700 2732 803 2801 cernit,

122 2810 329 2887 Euadnenque,
345 2828 373 2868 et
390 2813 545 2888 Pasiphaen
559 2837 568 2882 3
589 2813 632 2869 his
648 2811 801 2869 Laodamia

122 2891 144 2947 it
160 2911 263 2961 comes,
278 2908 306 2949 et
320 2893 430 2950 iuvenis
446 2892 599 2970 quondam,
616 2913 693 2950 nunc
709 2892 826 2962 femina,
842 2893 985 2962 Caeneus,

122 2992 214 3028 rursus
229 2987 257 3028 et
272 2971 301 3028 in
317 2989 442 3030 veterem
458 2974 515 3030 fato
530 2974 657 3030 revoluta
672 2973 799 3046 figuram.

122 3052 196 3108 inter
211 3072 279 3128 quas
296 3053 447 3110 Phoenissa
462 3074 560 3110 recens
576 3075 591 3110 a
605 3056 722 3111 vulnere
738 3052 816 3110 Dido
948 3083 985 3120 450

123 3133 232 3189 errabat
247 3132 316 3189 silva
332 3133 361 3189 in
377 3155 500 3209 magna:
523 3155 608 3211 quam
625 3135 728 3190 Troius
744 3134 835 3202 heros,

325 3228 370 3287 438
389 3229 435 3273 fata
447 3227 546 3274 obstant.
580 3227 651 3274 tristis
663 3229 743 3272 undae.
