2002 3614
314 186 479 236 AENEIDOS
497 189 558 236 LIB.
576 190 587 236 1

58 315 141 374 ‘solvite
154 318 236 376 corde
252 332 373 387 metum,
390 316 510 387 Teucri,
525 318 663 375 secludite
679 339 767 376 curas.

72 414 100 451 res
110 397 167 455 dura
181 415 208 456 et
222 398 304 473 regni
321 397 429 455 novitas
444 418 490 455 me
506 399 572 455 talia
586 414 693 472 cogunt

71 478 138 555 moliri
151 496 177 538 et
191 481 247 537 late
263 479 334 536 fines
350 479 464 536 custode
480 479 561 536 tueri.

70 557 112 632 quis
123 579 204 633 genus
217 559 399 629 Aeneadum,
414 559 475 637 quis
491 559 597 616 Troiae
612 559 720 616 nesciat
735 560 844 629 urbem,

70 636 212 717 virtutesque
227 641 359 717 virosque
374 656 422 697 aut
438 640 508 697 tanti
524 639 657 697 incendia
672 640 763 696 belli?

69 736 108 776 non
121 720 235 778 obtunsa
250 721 321 778 adeo
335 738 474 794 gestamus
489 736 603 796 pectora
620 720 719 790 Poeni,

69 817 104 857 nec
117 819 167 858 tam
182 822 293 859 aversus
310 822 395 878 equos
411 801 502 876 Tyria
518 801 588 857 Sol
581 801 673 875 iungit
689 766 723 857 ab
739 801 818 858 urbe.

68 898 99 937 seu
111 903 153 938 vos
168 882 338 958 Hesperiam
353 900 484 955 magnam
501 881 687 973 Saturniaque
702 902 765 938 arva

68 959 106 1018 sive
120 963 213 1039 Erycis
228 962 299 1019 fines
314 982 465 1038 regemque
481 962 583 1038 optatis
597 963 733 1031 Acesten,
869 992 907 1028 ⁵70

68 1042 149 1100 auxilio
163 1060 237 1101 tutos
252 1043 395 1100 dimittam
411 1043 567 1134 opibusque
582 1043 693 1109 iuvab0.

69 1123 130 1180 vultis
143 1141 169 1182 er
184 1124 228 1180 his
242 1143 358 1180 mecum
373 1123 477 1200 pariter
492 1112 645 1180 considere
653 1124 767 1198 regnis?

70 1202 144 1261 urbem
158 1225 245 1282 quam
261 1219 362 1273 statue,
378 1220 469 1261 vestra
484 1220 547 1272 est;
515 1205 700 1262 t·subducit
691 1221 717 1261 te
734 1224 838 1260 naves
831 1247 839 1271 ,

71 1279 123 1340 Tros
136 1285 297 1362 Tyriusque
312 1285 383 1341 mihi
400 1285 481 1341 nullo
497 1285 659 1341 discrimine
676 1301 781 1358 agetur.

71 1378 131 1440 atque
146 1366 254 1423 utinam
269 1385 319 1422 rex
335 1365 394 1441 ipse
410 1365 491 1422 Noto
506 1365 668 1440 compulsus
684 1365 784 1421 eodem

72 1442 152 1503 adforet
165 1445 296 1503 Aeneas!
321 1446 455 1522 equidem
470 1466 520 1522 per
536 1446 619 1502 litora
633 1462 722 1502 certos

71 1520 184 1583 dimittam
199 1542 228 1583 et
243 1526 350 1601 Libyae
367 1526 485 1583 lustrare
501 1542 626 1583 extrema
641 1525 753 1592 iubebo,

73 1601 182 1682 siquibus
196 1607 305 1664 eiectus
320 1606 395 1663 silvis
412 1623 460 1664 aut
476 1606 590 1663 urbibus
605 1606 695 1664 errat?

99 1685 132 1743 his
145 1688 271 1745 animum
286 1687 386 1744 arrecti
403 1687 486 1743 dictis
501 1703 528 1743 ct
544 1687 624 1744 fortis
638 1688 763 1757 Achates

75 1779 165 1840 etpater
179 1770 292 1825 Aeneas
307 1767 473 1824 iamdudum
489 1788 636 1844 erumpere
652 1767 758 1824 nubem
871 1785 909 1833 580

75 1845 188 1907 ardebant.
230 1848 308 1926 prior
322 1849 442 1904 Aenean
459 1849 613 1924 compellat
628 1849 772 1906 Achates:

63 1924 119 1984 ‘nate
130 1929 184 2000 dea,
200 1950 272 2007 quae
287 1948 366 1986 nunc
383 1928 479 1985 animo
494 1928 635 1985 sententia
650 1928 757 2002 surgit?

75 2008 145 2065 omnia
157 2026 215 2068 tuta
230 2010 317 2078 vider,
334 2010 451 2066 classem
467 2009 611 2085 sociosque
627 2025 765 2085 receptos

76 2102 126 2144 unus
137 2091 217 2158 abest,
234 2089 351 2148 medio
344 2111 373 2146 ιιι
390 2089 481 2147 fluctu
497 2110 582 2166 quem
597 2089 740 2146 vidimus
734 2090 786 2165 ipsi

76 2166 244 2240 submersum,
265 2171 348 2229 dictis
364 2171 537 2246 respondent
553 2187 646 2228 cetera
661 2168 773 2227 matris?

76 2245 107 2304 vir
119 2271 145 2307 ea
157 2253 228 2310 fatus
243 2268 311 2322 erat,
327 2272 394 2309 cum
410 2251 582 2308 circumfusa
596 2268 712 2326 repente

76 2327 152 2388 scindit
165 2353 192 2390 se
207 2333 297 2390 nubes
313 2348 340 2389 et
356 2333 385 2389 in
402 2334 514 2389 aethera
528 2348 628 2408 purgat
642 2347 780 2406 apertum.

76 2410 149 2468 restitit
162 2414 271 2471 Aeneas
287 2413 440 2490 claraque
433 2433 463 2469 ιιι
479 2413 543 2470 luce
559 2411 668 2469 refulsit

76 2505 95 2542 οι
106 2510 258 2571 umerosque
273 2495 326 2550 deo
341 2493 461 2562 similis3
483 2514 606 2571 namque
621 2493 679 2568 ipsa
693 2493 824 2550 decoram

76 2574 196 2632 caesariem
211 2593 278 2633 nato
293 2574 421 2648 genetrix
438 2573 615 2651 lumenque
609 2589 739 2630 rurentae
872 2601 910 2639 590

77 2666 221 2728 purpureum
236 2673 265 2713 et
280 2656 366 2712 laetos
382 2655 473 2712 oculis
488 2655 601 2711 adflarat
615 2655 755 2711 honores.

77 2734 135 2804 quale
149 2756 245 2793 manus
261 2736 368 2793 addunt
384 2735 461 2792 ebori
477 2736 572 2799 dccus,
588 2750 636 2792 aut
651 2734 699 2791 ubi
714 2734 786 2791 flavo

77 2827 195 2884 argentum
212 2817 343 2874 Pariusve
359 2817 426 2892 lapis
443 2816 635 2874 circumdatur
650 2837 725 2872 auro.

78 2903 119 2950 tun
131 2897 166 2954 sic
180 2899 306 2972 reginam
321 2897 482 2973 adloquitur
497 2897 665 2987 cunctisque
681 2913 796 2971 repente

78 2967 206 3047 inprovisus
221 2979 280 3036 ait:
305 2986 426 3047 ιεοιαιιι,
443 2999 527 3054 quem
544 2977 685 3054 quaeritis,
700 2977 796 3033 adsum

78 3047 157 3114 Troius
170 3061 288 3130 Aeneas,
305 3059 421 3133 Libycis
438 3074 548 3133 ereptus
564 3058 597 3115 ab
613 3058 704 3114 undis

79 3137 144 3193 osola
156 3139 283 3197 infandos
299 3139 404 3196 Troiae
420 3139 548 3196 miserata
563 3139 680 3210 labores,

80 3230 128 3285 quae
142 3238 194 3288 nos,
208 3220 337 3294 reliquias
349 3219 491 3288 Danaum,
510 3236 660 3303 terraeque
677 3223 826 3303 marisque

73 3304 135 3347 rear
830 3326 849 3365 e
