2002 3614
348 198 515 246 AENEIDOS
533 199 595 245 LIB.
614 199 652 245 lv

94 343 137 385 me
151 328 236 405 patris
251 327 406 397 Anchisae,
419 327 552 404 quotiens
568 328 732 385 umentibus
746 330 852 386 umbris

89 425 147 466 nox
161 408 252 485 operit
268 424 363 479 terras,
380 408 512 485 quotiens
528 424 600 464 astra
616 408 698 482 ignea
714 427 841 483 surgunt,

84 490 223 546 admonet
239 489 269 546 in
286 489 391 546 somnis
407 504 436 545 et
452 488 565 546 turbida
582 504 668 547 terret
684 489 795 564 imago;

83 587 134 627 me
148 591 220 646 puer
234 569 383 640 Ascanius,
400 569 559 646 capitisque
574 569 679 626 iniuria
695 571 761 640 cari,

80 671 174 728 quem
189 671 279 724 regno
295 650 453 726 Hesperiae
469 651 569 707 fraudo
586 665 615 707 et
629 651 763 708 fatalibus
779 652 859 710 arvis.

81 750 165 788 nunc
183 731 271 788 etiam
286 730 426 807 interpres
442 730 551 800 divom,
566 733 635 787 Iove
651 731 750 789 missus
766 733 801 789 ab
816 733 918 808 ipso-

79 826 174 869 testor
191 827 287 868 utrum
310 832 345 868 ue
361 812 596 887 caput-celeres
612 812 747 869 mandata
762 834 812 889 per
828 835 906 870 auras
930 813 934 821 ’

79 892 203 950 detulit.
247 833 409 971 ineum
425 892 578 949 manifesto
594 891 623 948 in
641 892 752 949 lumine
767 893 825 950 vidi

80 973 248 1030 intrantem
263 964 367 1042 mur'oS,
382 993 541 1049 vocemque
557 972 599 1028 his
615 973 729 1029 auribus
744 973 834 1031 hausi.

81 1054 188 1111 desine
204 1073 308 1130 meque
325 1052 379 1110 tuis
394 1052 551 1110 incendere
568 1070 652 1130 teque
668 1054 821 1129 querellis,
917 1073 955 1120 360

85 1135 204 1192 Italiam
219 1154 279 1191 non
295 1150 396 1209 sponte
412 1133 602 1220 squ’s

129 1215 198 1272 talia
213 1215 361 1271 dicentem
377 1214 544 1271 iamdudum
560 1235 655 1271 aversa
670 1229 774 1284 tuetur,

86 1298 146 1353 huc
162 1296 234 1352 illuc
250 1296 368 1352 volvens
383 1295 492 1364 oculos,
507 1310 658 1372 totumque
673 1312 798 1371 pererrat
834 1365 836 1368 y

88 1376 248 1433 luminibus
264 1375 366 1445 tacitis,
384 1391 412 1432 et
427 1375 465 1432 sic
481 1396 600 1432 accensa
614 1377 760 1453 profatur:

57 1459 71 1484 ‘
91 1478 143 1515 nec
160 1457 213 1513 tibi
228 1455 294 1513 diva
308 1477 418 1532 parens,
433 1456 545 1530 generis
561 1477 615 1513 nec
630 1456 782 1513 Dardanus
798 1474 905 1528 auctor,

91 1537 219 1614 perfide3
241 1537 290 1594 sed
305 1536 381 1593 duris
395 1536 493 1611 genuit
509 1552 536 1593 tc
552 1536 681 1594 cautibus
697 1538 814 1594 horrens

93 1619 247 1689 Caucasus,
263 1617 474 1694 Hyrcanaeque
490 1618 643 1674 admorunt
659 1618 745 1675 ubera
760 1618 853 1692 tigres.

95 1697 241 1774 namquid
256 1697 422 1754 dissimulo?
444 1712 492 1755 aut
506 1718 580 1774 quae
596 1718 641 1754 me
654 1698 689 1755 ad
704 1698 811 1755 maiora
824 1704 954 1756 reservo?

96 1799 162 1835 num
178 1777 247 1835 fletu
262 1777 402 1852 ingemuit
418 1783 532 1835 nostro?
555 1799 625 1835 num
640 1779 750 1835 lumina
764 1778 862 1835 flexit?
917 1798 955 1847 369

97 1879 163 1916 num
176 1859 304 1916 lacrimas
316 1859 508 1929 victusdedit,
519 1874 567 1916 aut
578 1859 724 1916 miseratus
737 1877 882 1917 amantem
894 1865 954 1917 est?

96 1960 165 2015 quae
181 1939 284 2016 quibus
298 1940 475 1996 anteferam?
504 1939 631 1996 iamiam
647 1960 699 1996 nec
716 1940 839 1996 maxima
856 1943 938 2009 lune,

98 2039 146 2077 nec
164 2019 312 2077 Saturnius
327 2022 397 2076 haec
414 2019 504 2076 oculis
518 2037 598 2096 pater
613 2021 712 2097 aspicit
727 2021 833 2097 aequis.

98 2121 233 2177 nusquam
249 2115 309 2157 tuta
325 2101 403 2157 fides.
446 2100 570 2157 eiectum
589 2101 681 2170 litore,
698 2117 832 2175 egentem

100 2182 203 2257 excepi,
221 2196 249 2237 et
264 2181 342 2255 regni
358 2180 476 2238 demens
491 2181 521 2238 in
537 2197 616 2258 parte
632 2181 744 2251 locavi3

100 2261 223 2318 amissam
239 2262 367 2331 classem,
382 2261 471 2318 socios
486 2283 501 2318 a
517 2278 606 2319 morte
623 2262 733 2319 reduxi.

100 2342 150 2398 heu
165 2341 243 2398 furiis
259 2341 376 2399 incensa
390 2343 480 2400 feror!
520 2338 599 2400 nunc
616 2363 703 2416 augur
717 2344 833 2419 Apollo,

101 2442 173 2479 nunc
189 2422 294 2497 Lyciae
310 2440 407 2493 sortes,
423 2419 500 2480 nunc
517 2439 545 2479 et
560 2425 628 2479 Iove
644 2423 742 2480 missus
758 2425 792 2481 ab
808 2424 867 2500 ipso

100 2501 232 2579 interpres
247 2502 344 2559 divom
359 2504 413 2559 fert
428 2503 541 2560 horrida
556 2503 627 2560 iussa
642 2524 692 2580 per
708 2525 796 2560 aurat.

102 2584 203 2640 scilicet
219 2583 242 2639 is
257 2583 363 2658 superis
379 2584 458 2639 labor
474 2599 523 2653 est,
541 2604 572 2639 ea
588 2604 655 2639 cura
671 2584 781 2660 quietos

103 2664 239 2721 sollicitat.
282 2685 376 2740 neque
393 2679 420 2720 te
436 2680 530 2732 teneo,
548 2684 641 2740 neque
657 2665 733 2721 dicta
750 2665 860 2721 refello.
917 2682 955 2730 380

102 2742 117 2810 i,
130 2765 246 2822 sequere
261 2745 385 2813 Italiam,
401 2745 494 2801 ventis
509 2760 574 2819 pete
590 2765 676 2818 regna
692 2766 741 2820 per
757 2746 854 2801 undas

102 2843 173 2899 spero
189 2825 321 2902 equidem
339 2824 449 2894 mediis,
465 2825 486 2880 si
502 2824 571 2901 quid
586 2825 632 2901 pia
649 2826 767 2881 numina
781 2842 908 2901 possunt,

102 2906 232 2983 supplicia
246 2908 403 2962 hausurum
418 2906 551 2982 scopulis,
566 2922 594 2962 et
609 2906 724 2962 nomine
740 2907 817 2962 Dido

102 3005 176 3062 saepe
191 3003 369 3044 vocaturum.
413 3008 512 3063 sequar
528 2986 592 3042 atris
609 2986 719 3060 ignibus
736 2987 853 3054 absens;

103 3083 202 3125 etcum
218 3068 320 3142 frigida
337 3087 410 3124 mors
426 3068 520 3124 anima
536 3067 680 3123 seduxerit
694 3084 778 3136 artus,

41 3215 43 3219 Ι
102 3150 225 3207 omnibus
242 3149 343 3206 umbra
359 3149 428 3205 locis
444 3149 537 3204 adero
581 3147 668 3215 dabis,
682 3148 811 3223 inprobe,
827 3167 952 3222 poenas;

102 3230 215 3302 audiam,
233 3246 262 3287 et
278 3231 349 3285 haec
368 3230 472 3286 Manes
486 3227 583 3285 veniet
599 3227 670 3283 mihi
686 3229 761 3283 fama
777 3227 827 3282 sub
843 3226 932 3283 imos!
