2002 3614
275 141 278 146 .
341 93 509 154 Anneioos
526 108 588 154 rm.
606 108 617 154 1

73 237 164 293 Marte
179 235 269 310 gravis
284 236 429 311 geminam
445 254 524 313 partu
540 236 617 294 dabit
633 237 687 293 Ilia
702 237 819 313 prolem.

72 316 134 373 inde
149 316 234 392 lupae
249 317 331 374 fulvo
346 317 466 374 nutricis
483 317 607 392 tegmine
623 318 711 374 laetus

74 396 210 454 Romulus
226 397 354 473 excipiet
369 414 494 472 gentem,
510 414 539 455 et
555 398 698 456 Mavortia
713 399 818 455 condet

73 477 183 534 moenia
197 478 399 556 Romanosque
415 500 465 535 suo
479 479 514 536 de
530 479 646 535 nomine
661 479 747 537 dicet.

74 557 113 613 his
128 578 179 632 ego
194 578 248 615 nec
265 574 353 616 metas
367 580 461 616 rerum
477 580 529 616 nec
547 576 674 635 tempora
688 580 773 635 pono,

75 637 232 714 imperium'
239 639 299 696 sine
315 639 372 696 fine
387 640 460 697 dedi.
503 641 572 717 quin
588 660 683 716 aspera
697 642 782 709 Iunc,

76 739 140 794 quae
150 739 227 777 mare
240 740 319 777 nunc
336 736 475 798 terrasque
488 738 565 777 metu
582 722 750 798 caelumque
766 721 873 794 fatigat,
896 739 934 777 280

79 799 232 856 consiliam
248 800 350 856 melius
365 801 488 857 referet
471 822 665 878 ‚mecumque
681 801 789 858 fovebit

81 878 223 950 Romanos,
238 901 334 938 rerum
348 881 488 951 dominos,
503 897 675 959 gentemque
691 897 823 956 togatam

83 958 113 1015 sic
127 926 272 1036 placitum.
315 961 411 1018 veniet
426 962 518 1019 lustris
534 962 693 1019 labentibus
709 979 792 1031 aetaS,

86 1058 139 1096 cum
152 1042 251 1098 domus
265 1041 392 1098 Assaraci
410 1042 542 1098 Phthiam
558 1043 699 1120 clarasque
717 1044 856 1117 Mycenas

87 1120 182 1178 servitio
196 1138 308 1198 premet
323 1143 353 1179 ac
369 1123 451 1179 victis
466 1122 659 1179 dominabitur
674 1123 764 1196 Argis.

90 1217 199 1258 nascetur
213 1203 335 1278 pulchra
349 1203 492 1259 Troianus
507 1202 615 1277 origine
632 1204 758 1272 Cacsar,

92 1278 220 1355 inperium
236 1284 356 1340 Oceano
372 1284 475 1340 famam
490 1283 539 1361 qui
555 1284 690 1341 terminet
705 1284 791 1353 astris,

95 1359 171 1432 lulius,
185 1384 200 1420 a
214 1383 323 1438 magno
333 1364 485 1420 demissum
502 1385 608 1420 nomen
624 1366 698 1422 Iulo.

95 1439 151 1498 hunc
165 1459 193 1501 tu
207 1444 278 1501 olim
294 1445 382 1514 caelo,
397 1444 492 1520 spoliis
507 1445 635 1502 Orientis
649 1463 793 1514 onustum,

97 1521 190 1597 accipies
205 1545 325 1592 secura3
347 1525 493 1582 vocabitur
508 1525 554 1582 hic
571 1547 684 1603 quoque
699 1527 780 1583 votis.
894 1556 931 1594 290

98 1618 238 1675 asperatum
253 1605 351 1681 positis
366 1605 517 1663 mitescent
532 1607 644 1663 saecula
659 1606 760 1663 bellis·
753 1651 761 1676 ,
900 1679 902 1683 A

45 1738 47 1755 ,
99 1697 148 1738 cana
160 1685 234 1743 Fides
249 1703 278 1742 et
294 1687 390 1756 Vesta,
406 1687 499 1743 Remo
514 1707 580 1744 cum
597 1687 680 1744 fratre
697 1687 836 1764 Qririnus

99 1756 141 1818 iura
152 1765 273 1836 dabunt;
294 1766 371 1823 dirae
388 1767 461 1824 ferro
477 1784 504 1825 ct
520 1767 703 1859 compagibus
718 1767 783 1824 artis
847 1825 854 1833 „

45 1872 56 1882 ·<
100 1839 235 1904 claudentur
250 1847 327 1904 Belli
342 1864 461 1923 portae3
483 1848 592 1905 Furor
585 1848 679 1939 inpius
695 1848 771 1905 intus

100 1936 155 1980 saeva
166 1927 259 1984 sedens
274 1948 358 2004 super
373 1949 448 1985 arma
463 1945 491 1985 et
506 1945 624 1986 centum
639 1929 750 1986 vinctus
765 1928 840 1986 aenis

100 2016 142 2070 post
153 2021 254 2100 tergum
270 2008 350 2064 nodis
366 2009 467 2065 fremet
482 2009 610 2067 horridus
625 2030 672 2066 ore
688 2009 825 2067 cruento?

126 2083 214 2144 haec
193 2105 238 2158 att,
254 2105 284 2146 et
300 2089 379 2145 Maia
393 2089 523 2164 genitum
538 2090 664 2147 demittit
680 2090 714 2146 ab
723 2090 795 2159 alto,

101 2175 202 2226 utterrae
216 2186 305 2247 utque
322 2189 411 2226 novae
425 2185 540 2246 pateant
557 2170 737 2245 Karthaginis
753 2186 828 2227 arces

100 2236 154 2297 ἤθε’
113 2247 189 2319 optio
204 2249 337 2320 Teucris,
351 2270 388 2307 ne
403 2250 452 2308 fati
467 2251 562 2307 nescia
577 2251 654 2308 Dido

101 2265 173 2384 finibus
185 2347 301 2388 arceret.
343 2331 419 2388 volat
434 2331 482 2387 ille
498 2352 547 2407 per
563 2342 623 2387 a'e'ra
638 2351 772 2405 magnum
892 2361 929 2398 300

100 2405 188 2502 remigio
198 2411 316 2480 alarum,
331 2432 362 2468 ac
379 2411 526 2486 Libyae'
501 2429 574 2469 crtus
591 2412 696 2469 adstitit
711 2411 773 2470 oris.

100 2483 169 2545 etiam
181 2489 251 2548 iussa
267 2491 345 2560 facit,
360 2508 528 2568 ponuntque
545 2493 650 2549 ferocia
666 2493 753 2550 Poeni

52 2574 58 2607 ’-
100 2565 158 2623 orda
168 2573 278 2628 volente
293 2571 369 2641 de03
390 2572 420 2629 in
435 2572 532 2648 primis
548 2573 646 2648 regina
660 2574 789 2650 quietum

100 2645 193 2722 accipit
186 2672 213 2709 rn
231 2653 363 2709 Teucros
378 2653 506 2710 animum
521 2670 707 2730 mentemque
722 2653 885 2727 benignam.

126 2743 145 2783 at
155 2731 209 2820 pius
223 2734 345 2807 Aeneas,
362 2755 412 2809 per
426 2752 542 2791 noctem
556 2733 704 2825 plurima
695 2734 821 2825 volvens,

100 2816 120 2857 ut
103 2808 254 2903 primum
242 2814 300 2869 lux
312 2803 389 2870 alma
403 2797 492 2873 data
482 2830 532 2884 est,
549 2814 626 2871 exire
619 2799 773 2891 locosque

99 2860 254 2974 explora?
224 2915 312 2950 novos
314 2916 404 2971 ,quas
419 2912 505 2952 vento
521 2890 668 2952 acce'sserit
683 2915 752 2964 oras,

99 2964 131 3035 qli
141 2984 252 3045 teneant,
270 2995 336 3031 nam
352 2975 461 3033 inculta
477 2975 562 3043 videt,
579 2976 746 3032 hominesne
762 2976 883 3043 senene,

99 3059 198 3115 quaerere
213 3055 373 3125 constituit,
388 3056 525 3134 sociisque
541 3072 640 3114 exacta
654 3057 768 3113 referre.

45 3140 47 3216 ζ
99 3120 225 3192 classenm
241 3155 370 3193 convexo
385 3157 536 3194 nemorum
552 3138 603 3193 sub
618 3156 688 3211 rupe
704 3152 799 3192 cavata
889 3165 926 3202 310
