2002 3614
71 162 101 221 96

341 164 368 211 P.
386 164 528 212 VERGILI
546 165 705 212 MARONIS

109 295 181 350 alter
196 294 384 351 Amazoniam
400 296 563 371 pharetram
579 295 754 371 plenamque
769 294 879 368 sagittis

109 375 264 445 Thre'r‘ciis,
281 376 339 431 lato
355 396 442 452 quam
457 375 567 432 circum
583 376 769 452 amplectitur
784 396 856 432 auro

108 456 229 526 balteus,
246 470 275 512 et
291 456 375 512 tereti
392 456 540 513 subnectit
557 456 644 513 fibula
658 477 771 530 gemma
781 482 789 525 ;

109 536 210 593 tertius
224 536 357 611 Argolica
373 539 426 593 hac
443 538 522 611 galea
539 551 693 594 contentus
709 536 806 594 abito.'

36 637 52 643 ’
110 618 178 675 haec
195 617 244 673 ubi
260 617 347 686 dicta,
364 618 460 674 locum
477 617 607 693 capiunt,
624 617 762 693 signoque
778 633 900 692 repente
935 639 953 682 .:

109 697 269 774 corripiunt
284 698 374 773 spatia
390 698 499 767 audito,
517 698 664 774 limenque
680 698 863 774 relinquunt,

110 778 191 834 effusi
208 777 308 853 nimbo
324 778 450 848 similes3
472 778 556 834 simul
574 778 674 834 ultima
689 777 814 852 signant.

109 859 217 935 primus
233 858 292 915 abit
308 859 452 934 longeque
469 873 536 915 ante
552 858 648 915 omnia
664 879 782 934 corpora
798 858 891 916 Nisus

110 939 224 1009 emicat,
241 955 269 995 et
284 939 378 995 ventis
388 942 423 995 'et
440 939 571 996 fulminis
587 938 666 994 ocior
680 939 740 996 alis.

109 1020 256 1096 proximus
271 1020 349 1090 huic,
367 1020 453 1093 longo
469 1020 518 1076 sed
534 1019 679 1095 proximus
695 1019 860 1091 intervallo,

109 1100 272 1177 insequitur
288 1101 399 1170 Salius3
422 1100 513 1176 spatio
529 1116 593 1176 post
608 1099 714 1156 deinde
731 1099 835 1157 relicto

111 1181 211 1238 tertius
228 1181 388 1256 Euryalus;

110 1263 324 1338 Euryalumque
338 1262 483 1337 Helymus
497 1261 645 1338 sequitur3
664 1282 721 1338 quo
733 1261 842 1318 deinde
853 1263 906 1319 sub
918 1262 953 1338 ips

111 1363 178 1400 ecce
193 1343 279 1412 volat,
296 1342 464 1419 calcemque
482 1341 550 1399 terit
564 1341 621 1399 iam
637 1342 715 1403 calce
730 1342 847 1422 Diores,

110 1423 282 1480 incumbens
299 1443 418 1492 umero;
441 1422 531 1498 spatia
547 1422 612 1479 etsi
628 1423 709 1499 plura
725 1423 882 1498 supersint,

112 1520 234 1561 transeat
251 1504 361 1579 elapsus
377 1503 455 1579 prior
472 1502 673 1577 ambiguumve
689 1502 847 1579 relinquat.

111 1585 225 1660 iamque
240 1585 300 1640 fere
316 1583 408 1660 spatio
426 1599 555 1640 extremo
570 1583 694 1660 fessique
709 1584 762 1641 sub
777 1583 870 1659 ipsam

112 1665 198 1721 finem
214 1664 418 1735 adventabant,
436 1663 492 1720 levi
509 1684 575 1721 cum
591 1664 729 1738 sanguine
745 1663 837 1721 Nisus

111 1745 217 1801 labitur
231 1744 344 1815 infelth,
358 1744 445 1802 caesis
464 1759 495 1801 ut
511 1745 585 1801 forte
600 1744 729 1801 iuvencis

111 1827 189 1882 fusus
205 1826 326 1881 humum
343 1825 508 1902 viridesque
525 1846 610 1901 super
625 1825 818 1882 madefecerat
834 1827 944 1883 herbas.

111 1907 158 1963 hic
174 1905 286 1962 iuvenis
303 1905 360 1962 iam
377 1905 469 1962 victor
487 1926 574 1962 ovans
590 1905 707 1980 vestigia
722 1927 819 1982 presso

111 1987 188 2043 haud
204 1986 298 2043 tenuit
314 1986 438 2043 titubata
456 1987 535 2054 solo;
557 1986 607 2043 sed
623 2007 730 2062 pronus
745 1986 776 2042 in
793 1986 856 2063 ipso

112 2067 239 2125 concidit
255 2066 456 2142 inmundoque
475 2066 542 2122 fimo
558 2087 693 2143 sacroque
709 2087 821 2124 cruore.

112 2170 169 2205 non
188 2164 283 2204 tamen
300 2147 427 2222 Euryali,
448 2167 506 2203 non
524 2146 573 2203 ille
589 2147 694 2204 oblitus
710 2168 860 2206 amorum:
877 2214 880 2219 ,

112 2250 178 2285 nam
197 2250 255 2285 sese
271 2227 404 2304 opposuit
424 2227 500 2283 Salio
517 2248 569 2303 per
584 2228 693 2284 lubrica
708 2248 846 2302 surgens3

112 2310 160 2365 ille
177 2326 273 2365 autem
289 2309 374 2385 spissa
392 2307 482 2364 iacuit
499 2310 644 2365 revolutus
659 2311 775 2366 harena.

113 2390 216 2446 emicat
235 2391 384 2464 Euryalus,
404 2405 432 2445 et
449 2409 568 2445 munere
584 2389 675 2446 victor
690 2389 775 2446 amici

112 2469 202 2545 prima
219 2486 308 2540 tenet,
326 2471 487 2546 plausuque
504 2471 581 2526 volat
596 2469 771 2545 fremituque
787 2472 926 2528 secundo

112 2567 174 2626 post
190 2552 333 2625 Helymus
351 2550 436 2619 subit,
455 2564 483 2606 et
500 2570 577 2606 nunc
595 2550 677 2606 tertia
693 2551 788 2626 palma
802 2551 918 2609 Diores.

112 2631 158 2688 hic
176 2648 269 2687 totum
286 2652 388 2688 caveae
407 2650 571 2688 consessum
586 2630 710 2704 ingentis
726 2647 755 2687 et
770 2652 819 2687 ora

112 2711 203 2787 prima
219 2727 333 2786 patrum
352 2711 460 2784 magnis
479 2709 569 2766 Salius
586 2711 757 2768 clamoribus
772 2711 877 2787 inplet,

40 2858 43 2863 .
113 2808 303 2867 ereptumque
321 2792 387 2847 dolo
404 2791 484 2847 reddi
502 2791 554 2847 sibi
570 2792 661 2867 poscit
676 2793 827 2849 honorem.

43 2894 46 2943 ς
114 2888 224 2929 tutatur
239 2873 319 2927 favor
335 2873 502 2946 Euryalum,
516 2871 706 2947 lacrimaeque
721 2872 852 2942 decorae,

113 2951 218 3027 gratior
234 2968 262 3007 et
278 2953 400 3027 pulchro
416 2952 536 3008 veniens
552 2951 582 3007 in
599 2972 715 3027 corpore
731 2951 832 3010 virtus,

116 3032 232 3088 adiuvat
248 3048 276 3087 et
292 3052 394 3105 magna
411 3032 569 3108 proclamat
584 3052 654 3088 voce
670 3031 782 3102 Diores,

116 3112 166 3188 qui
182 3112 270 3169 subiit
285 3113 406 3188 palmae,
423 3114 584 3188 frustraque
600 3113 634 3169 ad
649 3112 776 3188 praemia
791 3114 873 3171 venit

376 3206 420 3266 326
439 3205 616 3267 ambiguumque
628 3204 685 3251 codd.
