2002 3614
297 171 462 218 AENEIDOS
480 171 543 218 LIB.
561 173 585 218 V

64 296 146 371 ultima,
159 301 178 357 si
192 300 278 378 primi
295 301 370 358 Salio
385 300 544 357 reddantur
557 302 690 358 honores.

64 390 108 434 tum
118 397 187 456 pater
201 383 323 452 Aeneas,
340 381 467 452 ‘vestra,'
482 380 587 458 inquit,
604 386 741 438 ‘munera
755 381 836 438 vobis

63 473 119 515 terta
129 477 250 532 manent,
264 461 357 538 pueri,
373 476 402 518 et
417 461 542 537 palmam
557 477 654 518 movet
668 461 770 519 ordine
786 481 888 519 nemo:

63 555 95 593 me
106 539 176 598 liceat
190 562 269 599 casus
285 541 412 598 miserari
428 541 549 599 insontis
564 541 667 599 amici.’
854 572 891 609 3⁵0

63 616 90 674 sic
102 619 170 692 fatus,
184 637 296 696 tergum
313 621 432 679 Gaetuli
449 621 566 679 inmane
581 622 673 679 leonis

63 696 97 753 dat
109 701 179 772 Salio,
193 702 270 759 villis
285 721 438 759 onerosum
453 718 540 779 atque
556 702 699 776 unguibus
715 702 815 760 aureis.

63 776 96 834 hic
108 780 190 854 Nisus,
207 783 247 840 ‘si
264 782 363 854 tanta,'
378 782 484 859 inquit,
500 788 584 840 ‘sunt
599 783 725 860 praemia
733 783 833 854 uictis,

63 873 83 912 et
93 874 114 916 te
126 862 260 938 lapsorum
275 863 400 934 miseret,
416 884 489 940 quae
505 883 625 921 munera
640 864 713 921 Niso

63 937 124 1013 digna
135 943 219 1015 dabis,
234 944 357 1020 primam
372 944 464 1000 merui
480 943 529 1021 qui
545 944 630 1001 laude
645 965 791 1014 coronam,

63 1018 83 1074 ni
94 1040 137 1094 ue,
149 1045 221 1101 quae
237 1024 356 1094 Salium,
372 1025 488 1082 fortuna
504 1025 622 1082 inimica
638 1025 750 1082 tulisset
761 1025 788 1080 ?’

62 1113 82 1154 et
92 1100 159 1161 simul
173 1105 217 1162 his
231 1105 317 1163 dictis
332 1105 437 1162 faciem
451 1107 624 1176 ostentabat,
641 1121 669 1162 et
685 1105 742 1162 udo

62 1183 129 1258 turpia
142 1187 267 1243 membra
282 1186 358 1244 fimo.
401 1185 463 1243 risit
477 1201 558 1262 pater
572 1185 697 1262 optimus
712 1186 772 1257 olli,

62 1273 81 1315 et
91 1263 200 1341 clipeum
217 1266 310 1323 efferri
326 1265 416 1338 iussit,
431 1267 622 1343 Didymaonis
638 1283 720 1338 arteS,

61 1336 164 1418 Neptuni
179 1367 259 1404 sacro
273 1347 381 1404 Danais
397 1348 433 1404 de
448 1363 529 1424 poste
544 1347 676 1406 refixum.
853 1366 892 1414 360

60 1419 97 1478 hoe
109 1423 234 1485 iuvenem
251 1427 396 1502 egregium
410 1428 567 1504 praestanti
582 1448 703 1485 munere
717 1428 815 1485 donaf.

86 1522 144 1578 post,
159 1508 207 1565 ubi
223 1508 350 1566 confecti
366 1529 474 1580 cursus,
491 1524 519 1566 et
534 1509 609 1566 dona
624 1509 753 1585 peregit:

55 1582 132 1658 ‘nune
146 1588 167 1645 si
182 1588 229 1646 cui
244 1588 335 1646 virtus
350 1589 521 1666 animusque
537 1589 567 1646 in
583 1605 700 1666 pectore
716 1609 849 1665 praesens

61 1661 118 1750 adsit,
131 1685 157 1725 et
172 1669 293 1727 evinctis
309 1671 424 1727 attollat
439 1670 572 1728 bracchia
587 1670 710 1746 palmis.’

60 1759 87 1830 stc
97 1746 135 1820 ait,
149 1765 177 1807 et
191 1750 340 1825 geminum
355 1771 468 1827 pugnae
482 1751 619 1829 proponit
634 1752 782 1820 honorem,

60 1829 133 1884 actori
148 1831 272 1888 velatum
288 1851 357 1888 auro
371 1831 509 1908 vittisque
524 1831 690 1902 iuvencum,

61 1918 130 1966 ensem
144 1926 228 1989 atque
243 1910 385 1985 insignem
400 1913 520 1986 galcam,
536 1911 640 1970 solacia
655 1911 743 1969 victo.

61 1998 96 2041 nec
108 2007 175 2048 mora
184 2016 194 2061 ;
215 1991 356 2049 continuo
371 1991 457 2048 vastis
473 2013 539 2050 cum
554 1992 661 2049 viribus
677 1993 759 2049 effert

60 2079 93 2120 Ora
102 2066 190 2143 Dares,
205 2091 367 2149 magnoque
384 2072 477 2129 virum
493 2093 521 2130 se
537 2093 683 2129 murmure
699 2071 794 2141 tollit3

60 2143 112 2229 ¹³0lus
123 2151 167 2228 qui
183 2151 316 2209 Paridem
332 2152 433 2210 solitus
449 2153 626 2210 contendere
642 2168 751 2223 contra,
854 2182 892 2218 370

60 2221 163 2312 lienique
178 2233 214 2289 ad
229 2233 385 2303 tumulum,
398 2254 457 2310 quo
473 2232 614 2291 maximus
629 2233 752 2290 occubat
768 2233 889 2302 Hector,

59 2319 167 2370 tutorem
183 2313 290 2384 Buten,
306 2313 416 2371 inmani
434 2334 554 2391 corpore
569 2313 617 2390 qui
634 2334 663 2370 se

60 2379 167 2465 Bebrycia
182 2393 303 2451 veniens
317 2393 421 2469 Amyci
438 2395 474 2451 de
489 2409 576 2469 gente
591 2395 711 2465 ferebat,

60 2471 160 2544 perculit,
175 2488 205 2530 et
219 2474 300 2530 fulva
315 2474 525 2532 moribundum
541 2474 672 2531 extendit
686 2476 802 2531 harena.

60 2543 104 2603 talis
115 2552 197 2626 prima
212 2554 303 2611 Dares
318 2571 404 2631 caput
420 2556 512 2612 altum
528 2555 558 2612 in
573 2555 682 2631 proelia
698 2555 783 2624 tollit,

59 2632 211 2710 ostenditque
226 2655 338 2692 umeros
354 2636 434 2706 latos,
452 2637 621 2711 alternaque
636 2635 722 2692 iactat

59 2699 162 2770 bracchia
175 2715 360 2790 protendens,
377 2731 406 2773 et
421 2717 552 2773 verberat
568 2715 673 2772 ictibus
689 2737 778 2773 auras.

59 2791 174 2856 quaeritur
191 2795 259 2852 huic
276 2796 365 2854 alius:
390 2817 443 2854 nec
460 2797 611 2874 quisquam
628 2817 662 2852 ex
678 2797 790 2870 agmine
810 2811 890 2852 tanto

59 2865 121 2927 ²¹1det
133 2875 206 2932 adire
221 2876 316 2933 virum
331 2877 522 2955 manibusque
538 2877 677 2935 inducere
693 2891 812 2934 caestus.

59 2959 106 3017 ergo
117 2952 216 3027 alacris,
233 2972 412 3035 cunctosque
428 2974 532 3034 putans
549 2958 688 3015 excedere
703 2957 807 3032 palma,
854 2974 891 3023 380

59 3021 144 3090 Aeneae
157 3037 236 3094 stetit
252 3052 319 3094 ante
334 3038 430 3113 pedes,
448 3059 500 3094 ncc
517 3039 598 3114 plura
614 3054 739 3095 moratus

60 3113 104 3162 tutu
114 3112 184 3175 laeva
199 3134 314 3175 taurum
330 3138 419 3175 cornu
436 3134 526 3190 tenet,
543 3135 628 3196 atque
644 3119 683 3176 ita
699 3119 793 3174 fatur:

353 3228 399 3276 350
417 3216 525 3263 misereri.

60 3276 104 3324 V0L·
117 3292 124 3328 1
789 3296 808 3335 Η
