2002 3614
205 204 369 253 AENEIDOS
387 206 448 253 LIB.
467 207 491 252 ll

45 355 66 391 es
81 335 198 391 sufferre
213 335 318 391 valent.
361 335 434 391 labat
449 334 536 391 ariete
551 335 649 392 crebro

46 432 74 472 et
89 415 176 472 emoti
191 416 385 492 procumbunt
401 415 514 472 cardine
529 430 629 491 postes.

45 496 70 552 vi
85 519 92 553 ε
114 510 252 571 rumpunt
267 495 365 564 aditus,
381 496 542 572 primosque
557 495 701 553 trucidant

60 576 163 645 Danai,
178 592 205 632 et
221 577 275 632 late
292 577 353 633 loca
367 576 457 633 milite
474 577 628 652 complent.

45 677 60 727 :,
76 656 223 731 aggeribus
237 657 325 732 ruptis
340 677 406 713 cum
422 677 552 732 spumeus
568 656 657 714 amnis

45 738 218 814 ppositasque
234 737 319 794 evicit
334 737 441 812 gurgite
457 739 553 806 moles,

45 819 71 873 'tn
87 839 152 874 arva
167 819 262 874 furens
278 819 405 886 cumulo,
420 838 590 895 camposque
604 839 656 893 per
669 837 767 875 omnes

46 898 137 955 abulis
152 915 278 955 armenta
295 898 390 954 trahit.
432 898 489 955 vidi
506 899 565 975 ipse
580 900 723 955 furentem

45 978 278 1054 Neoptolemum,
293 978 474 1055 geminosque
491 979 520 1034 in
537 979 636 1035 limine
651 979 783 1036 Atridas:

45 1060 176 1118 [ecubam
202 1077 376 1136 centumque
401 1079 497 1126 nurus,
524 1059 722 1136 Priamumque
750 1079 800 1135 per

45 1160 75 1196 'as
764 1168 800 1204 501

45 1242 74 1277 te
90 1220 253 1277 foedantem
269 1241 336 1296 quos
352 1219 411 1296 ipse
427 1235 581 1276 sacraverat
596 1220 682 1293 ignes.

49 1301 143 1375 aginta
158 1301 200 1357 illi
217 1301 342 1370 thalami,
359 1321 420 1376 spes
435 1317 512 1357 tanta
527 1317 672 1377 nepotum,

49 1403 83 1439 co
98 1397 190 1457 postes
206 1403 273 1437 auro
289 1381 439 1457 spoliisque
455 1381 578 1456 superbi,

48 1482 135 1519 uere:
159 1478 259 1518 tenent
274 1461 377 1530 Danai,
392 1482 447 1538 qua
461 1461 558 1518 deficit
572 1461 652 1534 ignis.

45 1559 93 1599 tan
109 1559 137 1600 et
153 1541 258 1598 Priami
274 1542 380 1599 fuerint
396 1563 466 1618 quae
482 1542 546 1610 fata,
561 1541 693 1618 requiras.

48 1623 69 1679 ti
85 1639 183 1698 captae
199 1643 293 1679 casum
309 1624 499 1698 convulsaque
516 1622 586 1679 vidit

52 1720 204 1771 tectorum,
220 1720 248 1759 et
263 1702 389 1759 medium
405 1703 434 1758 in
449 1702 640 1780 penetralibus
655 1704 772 1771 hostem,

47 1784 75 1841 iu
92 1784 186 1839 senior
200 1784 314 1840 desueta
330 1784 515 1840 trementibus
531 1804 600 1840 aevo

48 1865 95 1921 dat
112 1864 285 1940 nequiquam
301 1864 413 1931 umeris,
431 1881 458 1921 et
473 1864 575 1920 inutile
591 1864 696 1920 ferrum
764 1891 801 1928 510

48 1966 70 2017 r,
86 1965 117 2002 ac
133 1945 233 2001 densos
249 1945 336 2000 fertur
352 1945 502 2013 moriturus
517 1944 546 2001 in
562 1947 663 2001 hostes

45 2047 52 2081 3
67 2025 96 2080 in
114 2025 213 2081 mediis
230 2025 364 2101 nudoque
380 2026 430 2082 sub
445 2025 564 2082 aetheris
581 2045 631 2081 axe

53 2127 97 2161 ara
113 2105 167 2162 fuit
183 2107 318 2182 iuxtaque
335 2105 483 2162 veterrima
498 2106 601 2175 laurus,

45 2207 106 2243 aens
121 2207 182 2242 arae
198 2203 281 2262 atque
299 2186 397 2242 umbra
411 2186 559 2262 complexa
576 2187 703 2243 Penates.

45 2267 123 2323 ecuba
138 2282 166 2322 et
181 2284 262 2322 natae
280 2266 451 2343 nequiquam
467 2267 561 2322 altaria
576 2267 696 2335 circum,

45 2347 103 2403 ntes
120 2363 176 2403 atra
192 2368 243 2403 ceu
262 2364 427 2422 tempestate
443 2348 603 2416 columbae,

45 2449 95 2483 tsae
111 2445 138 2483 et
154 2427 249 2483 divom
267 2428 411 2502 amplexae
428 2428 577 2484 simulacra
592 2427 735 2485 sedebant.

47 2525 138 2564 autem
155 2507 273 2583 sumptis
290 2508 432 2563 Priamum
448 2508 619 2564 iuvenilibus
634 2508 716 2564 armis

47 2605 64 2656 t,
81 2597 169 2664 ‘quae
185 2608 265 2643 mens
281 2604 336 2644 tam
352 2588 420 2655 dira,
437 2588 592 2644 miserrime
608 2587 743 2658 coniunx,

59 2669 100 2724 his
116 2668 192 2742 cingi
209 2668 293 2724 telis?
315 2685 361 2724 aut
377 2690 433 2746 quo
448 2667 542 2725 ruis?’
565 2669 666 2745 inquit.
762 2695 799 2732 φο

45 2749 59 2803 li
75 2749 191 2817 auxili0,
208 2769 260 2804 nec
277 2749 470 2806 defensoribus
486 2749 543 2806 istis

45 2847 148 2904 seget;
175 2851 242 2897 non,
258 2829 278 2884 si
294 2829 352 2904 ipse
368 2851 447 2886 meus
462 2851 538 2887 nunc
556 2831 663 2890 adforet
679 2830 797 2887 Hector.

45 2910 123 2966 ndem
139 2911 266 2967 concede
280 2935 288 2977 ;
310 2913 377 2966 haec
395 2932 440 2966 ara
455 2911 580 2968 tuebitur
595 2931 702 2980 omnes,

45 2991 117 3048 triete
134 2990 236 3046 simul'
279 2990 315 3046 sic
332 3012 378 3046 ore
395 2992 477 3047 effata
492 2991 598 3065 recepit

45 3096 54 3138 ³,
69 3090 94 3128 et
110 3093 186 3128 sacra
203 3073 370 3143 longaevum
387 3071 415 3127 in
432 3072 494 3127 sede
511 3071 622 3127 locavit.

45 3168 112 3209 utem
129 3155 238 3227 elapsus
256 3151 351 3225 Pyrrhi
367 3152 401 3208 de
417 3152 502 3208 caede
518 3151 631 3220 Polites,

45 3249 153 3289 latorum
174 3231 288 3297 Priami,
304 3253 352 3305 per
369 3234 430 3298 tela,
448 3253 496 3308 per
512 3235 602 3287 hostes
